3630 4942
304 524 336 576 70
718 527 745 575 P.
765 525 916 576 TERENTI
934 525 1089 575 ADELPHI
1401 521 1464 580 [Aoi
1477 536 1504 572 v.

404 679 485 740 Bene
500 687 531 739 et
544 679 695 758 sapienter
709 679 787 740 dixti
801 679 933 739 dudum:
958 678 1083 739 ‘vitium
1098 696 1255 738 commune
1269 676 1441 749 omniumst‚

405 779 493 854 Quod
513 781 641 841 nimium
661 780 699 841 ad
721 800 784 841 rem
805 780 837 840 in
850 788 971 841 senecta
983 780 1094 840 attenti
1108 777 1247 839 sumus’l
1267 777 1344 839 hanc
1358 776 1505 837 maculam

424 918 426 922 ·
756 900 811 942 nos
825 880 912 942 decet

404 982 559 1061 Effugere:
575 983 719 1043 dictumst
733 1002 803 1043 vere
814 989 846 1042 et
856 1003 888 1043 rs
899 982 964 1061 ipsa
975 981 1039 1042 fieri
1051 988 1177 1060 oportet
1200 979 1258 1041 ΑΕ.
1278 979 1324 1040 Mi
1338 986 1432 1059 pater.

303 1082 358 1143 ΜΙ.
403 1083 483 1158 Quid
497 1083 584 1144 isticl
604 1084 726 1144 dabitur
740 1082 984 1162 quandoquidem
997 1082 1045 1143 hic
1060 1082 1131 1143 volt
1173 1080 1230 1142 Am
1255 1080 1388 1142 Gaudeo.
1458 1096 1507 1160 690

303 1184 360 1245 Du.
405 1184 435 1245 N
436 1205 494 1245 unc
508 1185 583 1244 mihi
596 1184 764 1265 germanu's
778 1185 892 1264 pariter
907 1185 1006 1245 animo
1021 1191 1197 1263 etcorpore.

405 1285 466 1347 Suo
481 1286 538 1347 sibi
551 1286 652 1366 gladio
665 1285 746 1346 hunc
759 1285 869 1366 iugulo.

799 1839 933 1902 SOENA
954 1841 1007 1901 IX.

567 1981 681 2042 Sravs.
726 1981 851 2041 Dirum.
896 1980 1005 2042 Mroro.
1049 1979 1245 2041 Arsomnvs

759 2120 811 2181 SY.
835 2120 991 2182 Factumst
1004 2121 1086 2199 quod
1100 2120 1220 2196 iussisti,
1238 2121 1358 2181 Demea.

305 2225 362 2286 Du.
406 2222 499 2303 Frugi
513 2220 633 2283 homo's.
658 2241 729 2300 ergo
744 2221 850 2301 edepol
863 2222 954 2283 hodie
968 2242 1035 2283 msa
1048 2221 1171 2301 quidem
1185 2222 1334 2283 sententia

405 2323 510 2385 Iudico
525 2323 635 2402 Syrum
649 2323 713 2383 fieri
728 2343 792 2384 esse
805 2343 931 2402 aequom
946 2324 1080 2384 liberum
1124 2323 1180 2384 M1.
1203 2322 1307 2384 Istunc
1320 2322 1469 2383 liberuml

407 2425 495 2500 Quod
523 2445 594 2485 nam
615 2424 654 2485 ob
683 2425 816 2485 iactuml
864 2425 921 2484 Dr.
954 2424 1060 2485 Multa.
1114 2423 1166 2486 SY.
1198 2423 1225 2486 Ο
1253 2431 1356 2485 noster
1385 2424 1508 2498 Demea,

762 2525 868 2605 edepol
882 2525 930 2586 vir
942 2525 1047 2587 bonu's
1059 2549 1065 2586 ε

407 2627 472 2708 Ego
485 2626 559 2688 istos
573 2626 659 2688 vobis
674 2646 768 2705 usque
782 2647 799 2687 a
813 2627 913 2706 pueris
928 2628 1029 2688 curavi
1043 2628 1147 2688 ambos
1161 2625 1284 2703 sedulo;

407 2729 512 2804 Domi,
528 2728 640 2802 monui,
657 2727 732 2788 bene
746 2728 884 2808 praecepi
898 2748 1015 2808 semper
1029 2747 1106 2808 quae
1119 2727 1205 2808 potui
1219 2727 1326 2789 omnia.

307 2832 364 2892 Du.
408 2830 469 2891 Res
483 2846 626 2909 apparet:
648 2828 816 2908 etquidem
830 2849 919 2908 porro
933 2829 1015 2905 haec,
1031 2829 1177 2891 obsonare
1191 2848 1259 2890 cum
1273 2828 1340 2902 fide,

409 2931 543 3011 Cyathos
557 2930 677 2992 sorbere
691 2938 722 2991 et
736 2929 880 3010 adparere
894 2931 932 2992 ds
946 2931 996 2992 die
1010 2931 1199 2992 convivium:
1413 3002 1416 3009 Ι

409 3032 479 3094 Non
514 3031 671 3093 mediocris
706 3032 834 3093 hominis
868 3032 941 3093 haec
976 3039 1048 3092 sunt
1081 3031 1183 3093 officia.
1232 3030 1283 3091 SY.
1322 3030 1348 3091 Ο
1377 3029 1511 3110 lepidum

761 3139 858 3212 caput.
1465 3157 1514 3208 700

308 3236 365 3296 Du
410 3235 566 3296 Postremo
580 3233 670 3295 hodie
684 3233 717 3294 in
731 3233 847 3314 virgins
861 3233 917 3295 hac
932 3234 1062 3295 emunda
1075 3233 1124 3294 hic
1139 3232 1261 3293 adiutor
1274 3232 1340 3307 fuit,

410 3335 469 3396 Hic
483 3335 617 3397 curavit:
638 3335 779 3415 prodesse
794 3342 968 3414 aequomst:
990 3334 1041 3396 alii
1055 3335 1194 3396 meliores
1209 3341 1315 3396 amnt:

409 3437 547 3516 Denique
568 3436 618 3497 hic
632 3436 697 3498 volt
711 3437 783 3498 fieri.
827 3436 881 3497 Mi.
906 3437 967 3497 Vin
981 3443 1016 3496 tu
1029 3435 1086 3497 hoc
1101 3436 1185 3497 fierit
1226 3433 1284 3496 ΑΕ.
1307 3432 1411 3513 Cupio.
1455 3432 1511 3493 Ml.

763 3537 796 3598 si
810 3538 932 3617 quidem
