3630 4942
728 563 754 613 P.
775 563 926 614 TERENTI
945 563 1099 613 ADELPHI

813 813 963 876 SOENA
984 815 1020 876 V.

739 968 847 1030 Mrem.
890 966 1088 1028 Anscmuvs

812 1119 867 1179 M1.
890 1118 939 1179 Ita
953 1119 999 1179 uti
1016 1118 1089 1192 dixi,
1106 1117 1249 1192 Sostrata,

408 1221 524 1282 Facite:
540 1220 973 1300 egnAeschinumccnveniam
986 1226 1022 1280 ut
1031 1218 1185 1298 quemodo
1194 1219 1337 1280 actahaec
1348 1224 1419 1279 sunt
1428 1219 1512 1279 sciat.

410 1322 470 1383 Sed
485 1322 552 1400 quis
567 1323 678 1382 ostium
692 1321 747 1382 hoc
762 1321 914 1401 pultavitl
954 1321 1011 1381 An.
1036 1321 1127 1381 Pater
1141 1320 1239 1381 hercle
1254 1326 1306 1394 est,
1318 1320 1401 1399 perii.
1454 1319 1512 1380 ΜΙ.

762 1420 919 1496 Aeschine,

310 1524 367 1584 An.
412 1523 492 1599 Quid
505 1522 576 1584 huic
590 1524 638 1584 hic
652 1523 803 1603 negotistl
844 1523 899 1582 M1.
927 1530 1001 1582 tune
1015 1521 1068 1581 has
1083 1520 1226 1600 pepulisti
1239 1520 1335 1582 fores?

410 1625 509 1685 Tacet.
527 1644 580 1685 cur
592 1644 655 1684 non
668 1625 741 1685 ludo
756 1623 836 1683 hunc
850 1623 1087 1703 aliquantisperl
1107 1623 1214 1682 melius
1228 1628 1281 1696 est,

411 1725 661 1803 Quandoquidem
676 1726 731 1786 hoc
746 1745 911 1802 numquam
929 1725 969 1783 mi
985 1724 1048 1802 ipse
1062 1723 1160 1783 voluit
1173 1723 1278 1783 dicere.

411 1827 463 1886 Nil
478 1826 552 1886 mihi
567 1826 748 1905 respondeat
798 1825 855 1885 Am
879 1825 949 1885 Non
965 1825 1104 1904 equidem
1118 1825 1198 1899 istas,
1215 1823 1296 1902 quod
1310 1823 1408 1884 sciam.

309 1927 364 1988 ΜΙ.
409 1928 475 1988 lta:
493 1948 563 1987 nam
574 1927 712 2002 mirabar,
729 1926 802 2006 quid
816 1925 865 1986 hic
879 1926 981 2004 negoti
996 1933 1074 1986 esset
1088 1925 1152 1985 tibi.
1462 1953 1515 2001 440

407 2028 556 2088 Erubuit:
578 2027 722 2088 salvares
737 2035 789 2090 est.
831 2026 887 2086 An.
912 2026 969 2086 Dic
984 2025 1077 2100 sodes,
1094 2033 1187 2104 pater,

410 2129 479 2189 Tibi
493 2149 565 2190 vero
580 2128 653 2206 quid
666 2129 734 2189 istic
748 2136 794 2189 est
808 2127 872 2188 reil
912 2128 967 2187 ΜΙ.
991 2127 1044 2188 Nil
1059 2133 1106 2187 est
1118 2125 1193 2185 mihi
1208 2125 1337 2204 quidem.

411 2229 533 2290 Amicus
548 2229 671 2309 quidam
684 2249 732 2289 me
747 2250 765 2288 a
778 2229 843 2288 foro
858 2228 986 2288 abduxit
1000 2227 1089 2288 modo

412 2330 480 2390 Huc
495 2330 673 2391 advocatum
691 2330 754 2389 sibi.
808 2327 865 2389 An.
891 2328 992 2403 Quint
1013 2328 1067 2388 Ml.
1092 2328 1156 2406 Ege
1170 2327 1267 2388 dicam
1282 2328 1358 2387 tibi:

411 2431 560 2492 Habitant
573 2431 621 2490 hic
637 2431 783 2508 quaedam
798 2430 937 2490 mulieres
952 2429 1168 2508 pauperculae:

411 2533 455 2592 Vt
469 2533 576 2611 opinor
589 2532 643 2592 has
658 2552 719 2592 non
732 2551 819 2592 nesse
834 2537 873 2606 te,
890 2538 921 2592 et
935 2537 1016 2591 certe
1031 2530 1109 2591 scic:

411 2633 517 2711 Neque
535 2632 615 2694 enim
629 2633 682 2693 diu
696 2633 755 2692 huc
770 2632 1011 2710 commigranmt.
1054 2629 1111 2691 Aa
1137 2631 1216 2706 Quid
1231 2639 1296 2691 tum
1311 2634 1433 2709 posteat

310 2736 365 2796 MI.
410 2735 503 2813 Virgo
518 2741 564 2793 est
578 2753 645 2794 cum
659 2740 762 2794 matre.
796 2732 852 2792 An.
877 2733 979 2811 Perge.
1017 2732 1071 2792 M1.
1096 2732 1179 2793 Haec
1193 2732 1278 2811 virgo
1292 2730 1394 2792 erbast
1408 2737 1514 2810 patre:

411 2835 471 2894 Hic
484 2854 569 2895 meus
584 2834 695 2894 amicus
708 2833 753 2893 illi
767 2841 906 2913 generest
917 2853 1081 2913 proxumus
1094 2856 1100 2894 :

411 2935 491 2996 Huic
504 2934 585 3015 leges
600 2943 710 3014 cogunt
724 2935 837 2995 nubere
851 2935 935 2994 hanc.
977 2931 1035 2994 An.
1059 2933 1147 2994 Perii.
1191 2933 1246 2994 M1.
1271 2932 1351 3008 Quid
1369 2936 1436 2994 esti
1463 2958 1515 3012 450
1611 2930 1612 2934 ’

413 3035 493 3111 Quid
512 3035 678 3098 lacrumast
719 3035 775 3096 An.
809 3036 908 3110 Pater,
932 3035 1060 3109 obsecro,
1084 3035 1225 3095 ausculta
1269 3034 1324 3094 ΜΙ.
1351 3033 1511 3108 Aeschine,

764 3136 866 3196 audivi
879 3135 980 3196 omnia

411 3239 452 3298 Et
466 3239 543 3300 scio:
565 3258 635 3298 nam
649 3246 680 3299 te
694 3258 779 3300 amc:
802 3257 861 3317 quo
875 3238 970 3316 magis
984 3257 1060 3315 quae
1075 3236 1137 3315 agis
1152 3256 1239 3296 curae
1253 3242 1324 3296 sunt
1337 3235 1418 3295 mihi.

310 3342 368 3401 An.
412 3340 460 3400 Ita
474 3340 565 3400 velim
578 3359 626 3399 me
640 3346 861 3418 promerentem
875 3358 964 3413 amec,
981 3338 1054 3398 dum
1068 3338 1159 3412 vivas,
1176 3337 1218 3396 mi
1232 3344 1325 3416 pater,

411 3441 456 3501 Vt
469 3461 516 3501 me
531 3440 586 3500 hec
601 3440 744 3501 delictum
758 3439 911 3500 admisisse
926 3440 958 3498 in
971 3459 1027 3514 me,
1044 3438 1075 3499 id
1090 3439 1165 3498 mihi
1178 3446 1334 3499 vernenter
1347 3437 1430 3498 dolet
