3630 4942
447 573 478 620 22
860 570 887 620 P.
908 569 1058 621 TERENTI
1077 570 1232 622 ADELPHI
1532 571 1595 631 [nor
1609 585 1654 623 111.

448 724 497 784 SO.
542 723 648 785 Peiore
663 743 709 784 res
723 723 788 783 loeo
802 743 863 784 non
879 724 958 802 potis
972 731 1018 784 est
1033 743 1096 784 esse
1110 744 1201 802 quam
1215 725 1246 783 in
1261 745 1321 803 quo
1335 744 1415 785 nune
1430 725 1524 786 sitast.

547 824 789 903 Experiar-Gn
828 823 907 898 Quid
935 825 1021 885 istiet
1060 810 1133 884 cedo
1160 832 1196 885 ut
1223 824 1329 886 melius
1364 826 1452 887 dieas.
1507 825 1556 887 So.
1603 827 1653 887 Tu

899 934 1045 1004 quantum
1060 933 1159 1005 potest

547 1027 608 1087 Abi
622 1033 712 1104 atque
727 1026 858 1106 Hegioni
873 1034 999 1106 cognato
1014 1027 1104 1087 huius
1118 1047 1182 1088 rem
1197 1036 1335 1088 enarrate
1350 1048 1469 1089 omnem
1484 1028 1607 1089 ordine:

547 1128 626 1188 Nam
640 1129 665 1188 is
680 1136 782 1188 nostro
797 1127 911 1188 Simulo
926 1128 985 1188 fuit
999 1148 1132 1188 summus
1147 1137 1178 1189 et
1193 1149 1246 1189 nos
1261 1130 1354 1190 coluit
1371 1150 1518 1190 maxume.

924 1527 1075 1588 soENA
1096 1527 1152 1589 ΙΙΙ.

898 1680 1022 1739 Dmmn.
1068 1680 1182 1741 Srnvs

444 1833 501 1893 Dn.
545 1833 692 1911 Disperii:
714 1831 928 1910 Ctesiphonem
941 1832 1043 1891 audivi
1058 1832 1152 1891 filium

544 1934 612 1994 Vna
626 1935 717 1993 fuisse
732 1933 764 1992 in
778 1933 915 2011 raptione
929 1953 996 1992 eum
1018 1932 1176 1994 Aeschino.

544 2035 580 2094 Id
596 2036 703 2095 misero
718 2041 813 2094 restat
827 2035 901 2093 mihi
917 2035 995 2108 mali,
1012 2035 1036 2093 si
1052 2035 1138 2094 illum
1153 2042 1260 2114 potest,

544 2137 602 2211 Qui
617 2135 705 2195 alicui
720 2136 799 2209 mist,
817 2136 908 2195 etiam
922 2156 1021 2195 meum
1036 2136 1075 2195 ad
1090 2137 1254 2214 nequitiem
1269 2137 1423 2197 adducere.

545 2237 603 2297 Sed
619 2257 719 2297 eccum
734 2236 845 2315 Syrum
860 2237 903 2297 ire
917 2237 1023 2297 video:
1041 2238 1111 2296 hine
1126 2238 1206 2297 seibo
1222 2237 1282 2298 iam
1297 2239 1348 2299 ubi
1363 2239 1426 2299 siet.

543 2337 639 2416 Atqui
654 2338 751 2397 hercle
766 2338 814 2397 hio
829 2337 865 2397 de
880 2357 969 2417 grege
984 2338 1084 2399 illost:
1107 2339 1132 2398 si
1146 2358 1193 2399 me
1209 2339 1335 2399 senserit

542 2439 620 2499 Eum
636 2439 812 2517 quaeritare,
830 2459 995 2516 numquam
1010 2440 1090 2499 dicet
1105 2441 1254 2500 camufex.

542 2541 612 2601 Non
627 2540 782 2600 ostendam
798 2539 829 2598 id
845 2559 891 2600 me
907 2541 990 2600 velle.
1035 2540 1087 2600 SY.
1112 2541 1240 2601 Omnem
1252 2561 1315 2601 rem
1325 2542 1414 2602 modo
1429 2542 1492 2602 seni

543 2642 609 2716 Quo
625 2649 711 2721 pacto
726 2641 850 2701 haberet
864 2661 1036 2701 enarramus
1051 2642 1163 2703 ordine.

543 2743 595 2804 Nil
611 2744 769 2821 quiequam
784 2743 847 2802 vidi
861 2742 977 2802 laetius.
1031 2743 1088 2802 DE.
1112 2744 1171 2803 Pro
1186 2743 1331 2822 Iuppiter,

543 2844 682 2904 Hominis
697 2843 864 2904 stultitiam.
908 2842 959 2903 SY.
984 2843 1185 2904 Conlaudavit
1200 2846 1311 2904 fllium:

542 2945 628 3018 Mihi,
645 2945 696 3023 qui
711 2944 743 3004 id
758 2943 906 3004 dedissem
921 2945 1085 3018 consilium,
1102 2945 1163 3023 egit
1177 2946 1295 3024 gratias.

441 3048 499 3108 Dn.
543 3046 729 3124 Disrumpor.
773 3045 826 3105 SY.
850 3044 1018 3124 Argentum
1033 3046 1241 3107 adnumeravit
1256 3048 1341 3107 ilico:

542 3147 636 3206 Dedit
650 3155 804 3225 praeterea
818 3148 850 3205 in
862 3153 1015 3225 sumptum
1030 3147 1188 3208 dimidium
1203 3149 1319 3208 minae:
