3630 4942
704 552 731 601 P.
752 551 902 602 TERENTI
921 551 1076 602 ADELPHI
1372 551 1433 610 [aen
1448 565 1489 606 111.

390 707 505 767 Nactus
520 725 606 765 sum:
628 705 655 765 ei
670 704 743 763 mihi
758 724 796 764 ne
811 710 1041 783 corrumpantur
1055 705 1201 765 cautiest:

390 809 469 869 Nam
484 806 516 867 id
529 806 615 867 nobis
630 812 692 865 tam
707 806 883 884 flagitiumst
897 825 987 883 quam
1002 805 1060 878 illa,
1077 804 1197 880 Demea,
1444 822 1492 869 260

389 911 459 970 Non
474 908 571 968 iacere
585 907 678 981 vebis,
694 926 771 984 quae
786 907 876 966 mode
890 906 986 966 dixti:
1008 912 1039 965 et
1054 905 1134 983 quod
1148 926 1226 984 queo

390 1009 550 1071 Conservis
564 1008 602 1068 ad
617 1007 746 1068 eundem
759 1007 858 1067 istunc
873 1007 1022 1085 praecipio
1037 1007 1177 1068 modum:

392 1111 474 1172 ‘Hae
489 1110 637 1182 salsumst,
654 1108 709 1168 hee
725 1108 903 1182 adustumst,
919 1108 975 1167 hoe
989 1108 1135 1167 lautumst
1150 1129 1275 1187 parum:

389 1211 469 1272 Illud
484 1217 583 1271 reete:
605 1211 715 1269 iterum
730 1210 771 1268 sie
785 1217 954 1269 memento:
967 1208 973 1233 ’
991 1209 1095 1269 sedulo

389 1313 508 1386 Mones,
524 1331 601 1389 quae
615 1330 736 1389 pessum
751 1330 806 1388 pre
821 1329 886 1369 mea
900 1310 1063 1388 sapientia:

388 1415 546 1474 Postremo
559 1419 712 1489 tamquam
726 1412 756 1470 in
772 1411 925 1489 speculum
940 1411 970 1470 in
986 1411 1111 1489 patinas,
1124 1412 1245 1487 Demea,

388 1515 537 1594 Inspicere
552 1514 640 1573 iubeo
655 1520 686 1573 et
700 1532 806 1572 moneo
820 1513 893 1589 quid
908 1512 987 1572 faeta
1003 1533 1072 1571 usus
1087 1513 1133 1572 sit.

274 1608 276 1611 ¹
388 1616 496 1694 lnepta
510 1615 582 1674 haee
597 1633 667 1688 esse,
684 1634 739 1674 nos
753 1633 830 1690 quae
844 1614 977 1687 facimus,
994 1614 1108 1673 sentio:

389 1718 501 1778 Verum
516 1715 588 1795 quid
603 1715 712 1776 faciest
733 1721 768 1774 ut
782 1714 908 1788 homost,
924 1715 968 1774 ita
981 1735 1095 1774 merem
1108 1734 1199 1792 geras.

389 1817 545 1897 Numquid
560 1817 625 1876 vist
644 1817 701 1875 Du
725 1817 861 1876 Mentem
875 1816 960 1876 vobis
974 1814 1127 1876 meliorem
1142 1805 1238 1876 dalis
1441 1842 1490 1893 ²70

289 1922 339 1982 Su.
384 1921 431 1980 Tu
445 1940 495 1979 rus
510 1919 580 1978 hine
594 1917 674 1978 ibisu
711 1917 769 1978 Du.
793 1917 894 1977 Recta.
939 1916 990 1977 SY.
1015 1917 1094 1977 Nam
1108 1917 1181 1995 quid
1196 1925 1231 1977 tu
1245 1918 1293 1978 hie
1308 1938 1385 1997 agas,

388 2022 448 2082 Vbi
463 2020 562 2099 siquid
576 2020 652 2080 bene
668 2019 839 2097 praecipias
855 2038 944 2078 neme
959 2018 1165 2097 obtemperett

287 2125 344 2183 Du.
388 2123 452 2202 Ege
467 2141 537 2181 vero
552 2120 621 2180 hine
635 2121 717 2195 abeo,
733 2118 854 2197 quando
868 2121 901 2192 is,
918 2139 1008 2197 quam
1026 2120 1128 2178 obrem
1143 2118 1200 2178 hue
1215 2139 1363 2194 veneram,

387 2224 451 2283 Rus
466 2223 557 2283 abiit:
579 2221 665 2280 illum
679 2240 749 2281 euro
764 2239 877 2280 unum:
898 2220 949 2279 ille
963 2218 1001 2279 ad
1016 2240 1063 2279 me
1078 2221 1195 2294 attinet,

389 2324 516 2398 Quando
530 2323 575 2383 ita
588 2323 652 2382 volt
667 2321 777 2381 irater:
798 2320 837 2381 de
851 2322 926 2381 istoc
937 2322 1001 2399 ipse
1016 2321 1133 2381 viderit.

389 2425 448 2486 Sed
463 2425 529 2503 quis
543 2424 603 2483 illie
618 2430 671 2496 est,
688 2443 778 2500 quem
793 2422 881 2482 viden
896 2422 1017 2501 preeult
1037 2429 1121 2482 estne
1137 2422 1235 2501 Hegio

388 2526 519 2586 Tribulis
533 2527 653 2586 noster?
673 2524 698 2584 si
713 2525 784 2583 satis
794 2543 889 2597 cerno,
906 2524 931 2582 is
946 2530 992 2583 est
1008 2523 1126 2584 hercle:
1149 2524 1214 2597 vah,

388 2627 534 2707 Opperiar
545 2626 696 2686 hominem
710 2625 767 2698 hie,
779 2633 815 2684 ut
829 2624 955 2685 salutem
970 2632 1001 2685 et
1015 2625 1182 2703 conloquar.
