3630 4942
304 528 336 582 72
719 535 745 584 P.
765 533 915 585 TERENTI
934 533 1089 584 ADELPHI
1400 530 1462 589 [sor
1476 544 1502 580 v.

404 690 450 749 Tu
465 689 517 762 vis,
534 687 617 767 Syre,
634 687 691 748 eho
705 687 811 748 accede
824 686 882 747 huc
897 687 935 746 ad
949 706 1016 748 me:
1032 687 1109 747 liber
1123 694 1194 747 esto.
1239 685 1291 746 Su.
1316 685 1397 746 Bene
1411 686 1502 746 facis:

405 790 551 851 Omnibus
565 789 692 869 gratiam
706 788 810 862 habeo,
826 796 857 849 et
872 808 1005 848 seorsum
1019 788 1075 849 tibi
1088 795 1251 867 praeterea,
1268 787 1389 847 Demea

303 893 360 954 Du
405 891 536 952 Gaudeo.
579 889 637 951 ΑΕ.
660 890 701 950 Et
715 910 777 968 ego.
822 888 873 949 SY.
898 888 1013 950 Credo:
1036 889 1151 949 utinam
1176 890 1231 949 hoo
1253 896 1431 968 perpetuom
1451 887 1504 947 fiat

755 990 905 1070 gaudium,

403 1092 568 1173 Phrygiam
581 1099 617 1152 ut
631 1111 755 1152 uxorem
769 1111 867 1152 meam
881 1111 941 1151 una
954 1110 1071 1152 mecum
1085 1090 1204 1151 videam
1218 1091 1350 1151 liberam.

304 1196 360 1255 DE.
406 1194 569 1274 Optumum
590 1193 712 1272 quidem
733 1192 896 1253 mulierem.
941 1191 992 1253 SY.
1016 1192 1056 1251 Et
1076 1192 1198 1271 quidem
1219 1200 1273 1253 tuo
1290 1191 1393 1270 nepoti
1414 1191 1503 1251 huius

754 1294 815 1354 filio

403 1395 504 1456 Hodie
518 1395 614 1474 prima
627 1414 788 1455 mammam
802 1394 888 1455 dedit
901 1393 981 1454 haec.
1025 1394 1083 1454 Du.
1108 1393 1217 1454 Hercle
1231 1413 1303 1454 vero
1317 1394 1402 1467 serio,

403 1496 558 1576 Siquidem
572 1496 668 1575 prima
681 1495 774 1570 dedit,
786 1495 868 1556 haud
878 1495 1033 1556 dubiumst
1044 1495 1117 1573 quin
1128 1495 1226 1554 emitti
1237 1514 1363 1575 aequom
1374 1495 1438 1554 siet.
1456 1519 1505 1571 710

303 1599 357 1659 ΜΙ.
403 1597 450 1658 Ob
472 1617 537 1658 eam
558 1600 641 1658 remf
681 1597 738 1656 Dlt
763 1596 810 1657 Ob
830 1617 914 1657 eam:
935 1604 1087 1675 postremo
1102 1616 1119 1656 a
1133 1616 1181 1656 me
1195 1602 1354 1676 argentum
1368 1595 1504 1673 quantist

754 1697 871 1758 sumito.

199 1812 201 1817 '
303 1799 355 1860 SY.
403 1800 442 1859 Di
457 1799 521 1874 tibi,
537 1799 658 1874 Demea,
675 1799 775 1861 omnia
789 1818 891 1858 omnes
906 1817 1023 1876 semper
1037 1804 1140 1876 optata
1155 1798 1288 1858 offerant.

302 1901 357 1961 Ml.
402 1900 485 1980 Syre,
502 1899 671 1979 processisti
684 1899 774 1960 hodie
788 1898 918 1978 pulchre.
963 1899 1019 1959 Du
1045 1898 1199 1977 Siquidem
1213 1918 1310 1977 porro,
1327 1898 1426 1972 Micio,

403 2002 451 2062 Tu
464 2009 550 2062 tuom
563 2000 691 2061 officium
705 2001 803 2075 facies,
820 2007 911 2078 atque
924 2000 995 2060 huic
1010 1999 1122 2077 aliquid
1137 1998 1259 2078 paulum
1274 2019 1345 2079 prae
1360 2019 1452 2059 manu

402 2103 537 2177 Dederis,
554 2102 633 2162 unde
647 2108 768 2162 utatur:
789 2100 897 2162 reddet
910 2101 967 2161 tibi
981 2100 1047 2161 cito.
1091 2100 1146 2160 ΜΙ.
1171 2100 1250 2160 Istoc
1265 2100 1361 2161 vilius.

302 2203 360 2265 Au.
404 2204 496 2283 Frugi
516 2204 642 2264 homost.
687 2202 738 2263 SY.
762 2201 900 2262 Reddam
920 2200 1027 2276 hercle,
1043 2201 1082 2261 da
1095 2201 1193 2262 modo.
1237 2201 1294 2261 Aa
1317 2199 1391 2280 Age,
1408 2208 1501 2280 pater.

755 2302 810 2364 M1.
834 2302 908 2364 Post
922 2302 1081 2363 consulam.

303 2406 360 2466 Du
404 2405 513 2465 Faciet.
557 2404 609 2465 Su
634 2404 722 2465 Ovir
736 2412 865 2484 optume.
909 2402 966 2463 Aa
991 2403 1118 2482 Opater
1131 2403 1173 2463 mi
1187 2403 1396 2464 festivissume.

303 2506 358 2567 Ml.
403 2506 483 2581 Quid
497 2507 594 2567 istucf
612 2480 688 2584 qllae
699 2525 746 2566 res
760 2513 824 2565 tam
838 2512 961 2584 repente
976 2524 1073 2565 mores
1088 2505 1218 2565 mutavit
1232 2508 1320 2566 tuost

405 2606 492 2681 Quod
521 2607 711 2687 prolubium?
743 2625 820 2685 quae
847 2607 938 2667 istaec
963 2605 1092 2666 subitost
1116 2606 1258 2685 largitasl
1308 2605 1366 2665 DE.
1391 2605 1504 2696 *Dicam

755 2706 830 2769 tibi:

404 2810 447 2871 Vt
460 2809 493 2869 id
507 2808 703 2883 ostenderem,
720 2808 801 2886 quod
815 2814 846 2868 te
860 2808 911 2868 isti
925 2806 1043 2868 facilem
1057 2813 1088 2868 et
1101 2806 1242 2869 festivom
1256 2815 1373 2887 putant,
1457 2835 1505 2886 720

404 2910 441 2972 Id
455 2931 516 2972 non
531 2911 595 2971 fieri
610 2930 648 2971 ex
661 2929 732 2973 vera
745 2909 809 2969 vita
822 2929 921 2987 neque
934 2909 1009 2970 adeo
1024 2927 1062 2969 ex
1076 2929 1171 2987 aequo
1185 2917 1216 2970 et
1229 2909 1317 2984 bone,

404 3011 465 3073 Sed
479 3032 517 3073 ex
531 3010 716 3072 adsentando
729 3010 913 3090 indulgendo
928 3017 960 3070 et
972 3009 1135 3089 largiend0,
1151 3010 1250 3070 Micio.

404 3113 434 3173 N
436 3133 493 3174 uno
508 3112 583 3174 adeo
597 3113 622 3173 si
637 3113 675 3173 ob
690 3131 755 3173 eam
769 3131 833 3172 rem
847 3111 932 3172 vobis
946 3131 1013 3171 mea
1026 3111 1090 3171 vita
1103 3111 1207 3186 inrisa,
1224 3109 1380 3186 Aeschine,
1398 3118 1451 3185 est,

405 3213 482 3288 Quia
496 3233 557 3274 non
571 3214 650 3274 iusta
664 3213 776 3273 iniusta
790 3232 910 3292 prorsus
925 3212 1024 3272 omnia
1039 3212 1161 3273 omnino
1175 3211 1330 3290 obsequor,

405 3315 499 3375 Missa
512 3315 606 3376 facio:
629 3314 785 3389 effundite,
802 3314 900 3388 emite,
916 3313 1006 3374 facite
1021 3313 1102 3392 quod
1116 3313 1200 3374 vobis
1214 3311 1307 3374 lubet

406 3414 466 3477 Sed
480 3416 505 3476 si
519 3416 551 3477 id
565 3416 655 3478 voltis
670 3415 779 3496 potius,
795 3434 871 3494 quae
885 3435 938 3476 vos
953 3420 1076 3494 propter
1090 3413 1322 3475 adulescentiam
