3630 4942
425 1185 476 1246 Su.

425 1286 482 1347 Da.

426 1387 477 1448 Su.

426 3507 481 3568 Mr.

839 531 865 578 P.
886 529 1036 580 TERENTI
1055 529 1210 579 ADELPHI
1510 525 1573 586 [lor
1587 541 1623 579 iv,

527 681 605 742 Sane
619 682 674 743 hac
688 681 784 742 multo
796 683 917 761 propius
931 682 989 743 ibis
1003 689 1034 743 et
1048 682 1146 742 minor
1160 688 1206 743 est
1220 682 1337 742 erratio.

526 782 596 843 Scin
606 783 722 844 Cratini
732 782 822 844 huius
831 783 902 845 ditis
911 783 1019 845 acdesl
1046 782 1104 843 Dr.
1128 782 1203 844 Scio.
1228 782 1279 843 SY.
1296 781 1357 844 Vbi
1366 801 1415 843 eas
1426 781 1624 862 praeterieris,

525 882 575 944 Ad
586 883 737 945 sinistram
750 884 806 945 hac
820 891 901 945 recta
914 885 1032 964 platca;
1053 885 1104 944 ubi
1119 884 1157 944 ad
1168 884 1283 945 Dianae
1297 884 1422 959 veneris,

526 985 575 1046 Ito
588 985 627 1046 ad
639 986 796 1047 dextram:
818 986 901 1066 prius
916 985 1055 1064 quemad
1070 993 1188 1064 portam
1198 985 1308 1061 venias,
1325 985 1406 1065 apud
1420 984 1517 1064 ipsum
1528 985 1627 1045 lacum

525 1085 580 1146 Est
594 1086 722 1166 pistrilla
736 1094 767 1148 et
782 1087 980 1148 exadvorsum
994 1087 1125 1148 fabrica:
1146 1087 1225 1148 ibist.
1269 1086 1326 1147 Du.
1351 1086 1431 1162 Quid
1444 1086 1487 1146 ibi
1500 1085 1594 1146 faoitl

524 1186 664 1248 Lectulos
678 1188 711 1248 in
725 1188 787 1249 solc
800 1188 900 1268 ilignis
915 1188 1041 1268 pedibus
1055 1187 1211 1249 faciundos
1225 1188 1317 1249 dedit.
1423 1237 1428 1246 .

524 1287 585 1349 Vbi
599 1289 709 1368 potetis
723 1309 795 1350 vos:
818 1290 894 1350 bene
909 1309 986 1350 sane.
1007 1289 1060 1350 scd
1075 1309 1156 1350 cesso
1170 1289 1209 1350 ad
1224 1309 1292 1350 cum
1307 1292 1452 1369 pergeret

526 1388 542 1449 I
557 1409 645 1451 sane:
667 1410 721 1469 ego
735 1396 766 1451 te
782 1391 923 1453 exercebo
938 1390 1035 1465 hodic,
1051 1399 1086 1451 ut
1100 1389 1208 1470 dignus
1223 1410 1262 1464 as,
1279 1390 1469 1451 silicernium.
1578 1415 1627 1466 390

525 1489 691 1551 Aeschinus
706 1491 807 1553 odiose
822 1498 936 1553 cessat:
957 1491 1118 1571 prandium
1135 1492 1357 1571 corrumpitur:

526 1591 671 1671 Ctesipho
684 1600 786 1654 autem
800 1594 833 1653 in
847 1600 977 1654 amorcst
990 1601 1079 1653 totus.
1097 1613 1152 1673 ego
1166 1593 1226 1653 iarn
1240 1592 1418 1672 prospiciam
1432 1590 1525 1652 mihi:

526 1691 606 1754 Nam
646 1693 706 1754 iam
741 1694 831 1755 adibo
864 1700 956 1773 atque
987 1714 1082 1755 unum
1114 1694 1265 1773 quicquid,
1302 1693 1383 1772 quod
1415 1692 1537 1772 quidem
1569 1691 1628 1753 crit

877 1795 1090 1869 bellissumum,

526 1893 653 1973 Oarpam
668 1902 700 1956 et
713 1896 837 1974 cyathos
851 1897 996 1956 sorbilans
1007 1896 1152 1976 paulatim
1165 1895 1245 1957 hunc
1260 1895 1423 1975 producam
1436 1894 1524 1957 diem.

909 3201 1063 3264 SOENA
1083 3202 1139 3264 ΠΙ.

886 3354 994 3417 Micio.
1048 3355 1163 3417 Hro10.

525 3504 590 3587 Ego
603 3504 636 3565 in
647 3505 702 3565 hac
716 3525 748 3566 rc
762 3505 806 3566 nil
819 3505 943 3585 reperio,
960 3527 1050 3586 quam
1064 3507 1167 3568 obrem
1181 3506 1286 3568 lauder
1299 3513 1386 3570 tanto
1407 3529 1503 3588 opere,
1521 3509 1627 3589 Hegio.
1666 3556 1669 3563 .

526 3607 630 3667 Meum
648 3606 777 3667 officium
790 3606 885 3667 facio:
907 3607 987 3686 quod
1002 3614 1157 3687 peccatum
1172 3629 1189 3668 a
1202 3608 1289 3670 nobis
1303 3616 1433 3670 ortumst
1454 3611 1577 3690 corrigo.

526 3708 594 3768 Nisi
608 3707 634 3767 si
647 3728 695 3768 1111
710 3708 741 3767 in
755 3707 808 3768 illo
822 3707 974 3768 credidisti
989 3727 1052 3770 esse
1066 3708 1223 3770 hominum
1236 3730 1369 3785 numero,
1387 3711 1438 3789 qui
1453 3710 1496 3771 ita
1509 3717 1628 3791 putant,

527 3808 590 3870 Sibi
605 3809 670 3870 fieri
684 3808 823 3870 iniuriam
837 3808 926 3883 ultro,
943 3809 967 3869 si
983 3830 1073 3888 quam
1085 3809 1182 3871 fecere
1196 3810 1253 3890 ipsi
1267 3811 1447 3891 expostules,
