3630 4942
728 542 755 595 P.
774 542 925 594 TERENTI
943 543 1098 595 ADELPHI
1396 543 1509 603 [1111111.

411 694 451 754 Ε1
464 714 513 753 me
528 695 572 754 1111
587 695 688 774 pudet.
734 695 789 755 Ml.
806 695 904 756 Credo
918 695 1035 757 hercle:
1057 717 1126 756 nam
1140 697 1295 775 ingenium
1309 698 1380 759 novi
1395 705 1480 758 tuom

411 795 565 856 Liberale:
587 796 639 856 sed
654 816 758 856 vereor
772 816 810 856 ne
823 795 984 876 indiligens
997 797 1124 857 nimium
1139 799 1203 858 sies.

412 896 569 974 Numquid
584 897 814 980 circumspextil
834 904 887 957 aut
901 898 1048 976 numquid
1062 906 1128 958 tute
1142 898 1296 977 prospexti
1311 899 1388 960 tibil

412 996 515 1056 Nolim
529 1005 694 1057 ceterarum
709 1018 809 1058 rerum
823 1006 854 1058 te
868 999 1022 1059 socordem
1036 999 1140 1059 eodem
1156 1000 1253 1059 modo.

363 1096 367 1103 '
411 1097 496 1159 Bono
524 1098 624 1158 animo
652 1119 691 1173 es,
721 1098 819 1159 adduc
846 1119 972 1160 uxorem
1000 1100 1066 1160 huc.
1109 1099 1168 1160 ΑΕ.
1208 1100 1295 1160 Hem.
1329 1100 1385 1161 ML
1415 1101 1509 1174 Bone,

310 1605 364 1664 Mn

309 1704 366 1765 Aa.

709 1213 711 1217 ’
762 1199 892 1278 inquam,
909 1200 1009 1260 animo
1023 1221 1062 1261 es.
1105 1201 1162 1260 Aa
1186 1201 1285 1275 Pater,

412 1298 550 1375 Obsecro,
566 1319 640 1359 num
654 1299 733 1360 ludis
747 1307 783 1359 tu
797 1320 875 1359 nunc
889 1304 957 1362 mel
979 1301 1033 1363 ML
1052 1301 1115 1381 Ego
1130 1305 1180 1363 tet
1202 1322 1292 1380 quam
1306 1303 1428 1363 obremt
1451 1300 1508 1363 Aa

763 1400 889 1463 Nescio:
1462 1419 1513 1481 460

412 1502 488 1577 Quia
502 1509 566 1561 tam
580 1501 686 1562 misere
701 1500 756 1563 hoc
771 1520 834 1562 esse
849 1503 935 1581 cupio
949 1522 1062 1577 verum,
1079 1522 1114 1563 eo
1128 1522 1234 1563 vereor
1246 1504 1347 1582 magia

408 1601 469 1663 Abi
484 1603 607 1663 domum
622 1623 655 1663 ac
670 1601 741 1663 deos
756 1623 950 1681 comprecare,
966 1610 1002 1662 111
1015 1624 1141 1663 uxorem
1155 1624 1300 1666 arcessas:
1322 1605 1378 1664 abi.

411 1704 457 1764 Tu
472 1704 573 1783 potius
587 1703 659 1764 deos
673 1723 875 1783 comprecare:
897 1724 967 1764 nam
981 1703 1037 1764 tibi
1052 1725 1102 1765 eos
1117 1706 1280 1778 certeseia

411 1806 478 1880 Quo
492 1805 539 1865 vir
552 1805 658 1866 melior
670 1804 767 1865 multo
782 1825 813 1865 es
828 1825 918 1883 quam
932 1825 995 1884 ego,
1012 1805 1270 1884 obtemperaturos
1284 1807 1385 1885 magis.

310 1907 364 1968 Ml.
408 1905 473 1986 Ego
487 1926 523 1967 eo
536 1906 625 1980 intro,
642 1913 766 1985 atquae
781 1926 856 1984 opus
871 1913 942 1966 111111
956 1913 1116 1985 parentur:
1134 1913 1169 1966 tu
1183 1907 1229 1966 lac
1244 1913 1280 1966 111
1293 1906 1365 1982 dixi,
1381 1907 1407 1967 si
1421 1908 1507 1987 sapis.

309 2007 365 2068 Aa

411 2007 492 2082 Quid
506 2007 562 2068 hec
577 2015 622 2068 est
636 2006 757 2085 negotii
777 2008 833 2067 hoc
848 2015 894 2068 est
910 2014 1028 2086 patrem
1042 2027 1105 2067 esse
1119 2013 1173 2068 aut
1187 2008 1243 2068 hoc
1258 2016 1304 2067 est
1318 2008 1414 2068 filium
1428 2012 1513 2069 esset

363 2152 365 2156 -
410 2107 443 2169 Si
457 2108 551 2169 frater
564 2114 617 2168 aut
633 2107 743 2169 sodalis
758 2115 843 2182 esset,
860 2108 912 2186 qui
926 2108 1019 2187 magis
1034 2128 1147 2169 morem
1160 2111 1297 2188 gereretl
1312 2182 1317 2193 ι

798 3157 932 3219 SGENA
952 3158 1005 3219 VI.

846 3308 973 3369 Druna.

350 3512 368 3530 1.
410 3466 553 3528 Defessus
568 3483 635 3523 sum
649 3461 847 3523 ambulando:
868 3467 911 3534 ut,
928 3460 1012 3541 Syre,
1029 3467 1060 3522 11
1074 3481 1142 3522 cum
1156 3468 1209 3521 tua

410 3565 630 3628 Monstratione
643 3583 769 3642 magnus
783 3560 891 3641 perdat
904 3561 1058 3641 Iuppiter!

410 3665 586 3747 Perreptavi
601 3684 695 3742 usque
709 3683 797 3724 omne
812 3661 973 3742 oppidum:
995 3662 1034 3723 ad
1048 3669 1175 3742 portam,
1191 3663 1230 3723 ad
1243 3662 1349 3737 lacum,
1462 3689 1512 3740 470

411 3770 477 3846 Quo
491 3770 572 3830 nont
591 3784 689 3844 neque
703 3765 764 3825 illic
777 3763 890 3825 fabrica
904 3770 969 3824 1111
982 3783 1080 3842 neque
1093 3764 1218 3825 fratrem
1233 3764 1322 3824 homo

410 3871 530 3933 Vidisse
545 3887 577 3928 se
591 3867 673 3927 aibat
687 3865 853 3945 quisquam.
870 3885 949 3926 nunc
963 3884 1035 3926 vero
1049 3864 1131 3925 domi

411 3973 535 4033 Certum
549 3968 684 4030 obsidere
699 3974 745 4028 est
759 3986 861 4047 usque,
878 3966 972 4027 donec
986 3966 1115 4027 redierit
