3630 4942
300 1716 358 1777 Du.

300 1918 355 1980 Mi.

711 551 737 600 Ρ.
759 549 910 601 TERENTI
929 549 1084 600 ADELPHI
1393 547 1456 609 [aar
1469 563 1495 600 v.

398 703 631 764 Faciundumst:
653 711 784 764 ceterum
798 723 849 763 rus
863 722 927 763 oras
942 722 1010 763 cum
1024 702 1085 763 filio

399 805 476 866 Cum
491 805 587 885 primo
601 804 660 865 luoi
675 805 724 865 ibo
738 803 816 864 hino.
860 803 915 864 M1.
940 804 986 864 De
1000 811 1088 865 noete
1103 825 1225 866 censeo:

399 906 498 967 Hodie
513 905 602 966 modo
616 905 745 965 hilarum
759 905 806 966 fao
820 913 859 966 te.
902 905 960 966 Du.
984 905 1024 965 Et
1038 906 1127 966 istam
1141 906 1297 985 psaltriam

399 1007 467 1068 Vna
481 1007 551 1068 illue
565 1027 682 1068 meeum
696 1007 766 1067 hino
781 1007 959 1067 abstraham.
1003 1007 1058 1068 M1.
1081 1006 1274 1086 Pugnaveris.

398 1108 443 1169 Eo
457 1116 543 1188 paeto
559 1128 694 1188 prorsum
709 1107 752 1167 illi
767 1107 907 1188 adligaris
921 1107 1024 1168 filium.

398 1209 491 1270 Modo
506 1210 596 1269 facito
611 1217 646 1270 ut
660 1208 742 1269 illam
757 1229 862 1270 serves
907 1209 964 1269 Du.
988 1209 1052 1288 Ego
1067 1209 1144 1270 istuo
1159 1210 1262 1271 videro

399 1310 502 1391 Atque
516 1311 558 1371 ibi
572 1310 692 1371 favillae
706 1310 802 1389 plena,
819 1311 894 1371 lumi
908 1331 941 1371 ae
955 1310 1077 1389 pollinis

399 1412 564 1492 Coquendo
579 1412 619 1473 sit
631 1412 703 1472 faxo
718 1418 749 1472 et
763 1411 918 1472 molendo:
941 1418 1059 1491 praeter
1072 1412 1146 1473 haee
1452 1440 1501 1494 590

400 1513 528 1575 Meridie
543 1513 608 1592 ipso
621 1513 729 1574 faniam
742 1519 779 1573 ut
793 1512 935 1592 stipulam
950 1512 1087 1592 colligat;

401 1615 475 1675 Tam
491 1622 642 1676 excoctam
656 1614 782 1676 reddam
795 1622 885 1694 atque
900 1622 996 1674 atram
1011 1634 1102 1693 quam
1116 1616 1240 1676 carbost.
1285 1615 1340 1676 ΜΙ.
1364 1615 1487 1691 Placet;

401 1715 547 1778 Deridesl
567 1714 755 1791 fortunatus,
772 1716 824 1794 qui
839 1716 896 1776 isto
912 1715 1011 1776 animo
1025 1716 1100 1776 sies:

400 1816 465 1897 Ego
479 1817 583 1879 sentio.
627 1816 681 1877 Ml.
706 1816 764 1891 Ah,
779 1817 937 1896 pergisnel
976 1816 1034 1876 Dm
1058 1816 1124 1877 Iam
1141 1817 1200 1877 iam
1215 1817 1326 1878 desino.

399 1918 415 1979 Ι
430 1939 500 1999 ergo
514 1920 602 1993 intro,
619 1925 650 1979 et
664 1919 712 1979 cui
727 1919 770 1979 rei
785 1927 838 1992 est,
855 1918 882 1979 ei
896 1918 939 1978 rei
953 1918 1033 1979 huno
1049 1937 1201 1978 sumamus
1214 1917 1301 1979 diem

789 2381 940 2444 SOENA
961 2380 1012 2443 IV.

838 2535 965 2595 Dumna,

403 2691 577 2768 Numquam
592 2688 636 2748 ita
649 2687 807 2766 quisquam
821 2687 897 2747 bene
919 2686 1067 2747 subducta
1080 2687 1196 2746 ratione
1211 2685 1249 2746 ad
1263 2687 1358 2747 vitam
1371 2686 1438 2761 fuit,

404 2791 485 2865 Quin
500 2810 546 2850 res
561 2796 642 2850 aetas
656 2808 727 2848 usus
742 2807 860 2866 semper
872 2787 987 2867 aliquid
1002 2787 1142 2867 adportet
1155 2788 1235 2861 novi,

403 2890 529 2970 Aliquid
543 2897 681 2951 moneat:
703 2896 739 2950 ut
752 2889 804 2949 illa
818 2908 894 2967 quae
908 2896 939 2948 te
954 2888 1028 2948 seire
1043 2887 1145 2948 eredas
1160 2888 1281 2963 nescias,

404 2993 444 3054 Et
458 3012 534 3072 quae
548 2991 605 3052 tibi
620 2991 734 3071 putaris
748 2990 852 3069 prima,
868 2990 900 3049 in
915 2989 1099 3068 experiundo
1114 2996 1149 3048 ut
1162 2989 1309 3068 repudies.

405 3075 493 3169 Quod
513 3114 593 3154 nuno
614 3093 655 3152 mi
678 3092 795 3153 evenit:
817 3111 887 3151 nam
908 3110 964 3170 ego
978 3091 1073 3150 vitam
1086 3090 1201 3165 duram,
1218 3111 1308 3169 quam
1327 3091 1390 3151 vixi
1411 3112 1509 3171 usque

757 3191 862 3266 adhuo,
1457 3208 1509 3259 500

405 3297 502 3375 Prope
517 3296 576 3356 iam
591 3313 716 3356 excurso
730 3293 827 3372 spatio
840 3293 936 3353 mitto.
961 3291 993 3352 id
1008 3312 1097 3371 quam
1112 3292 1234 3353 obreml
1254 3313 1286 3353 re
1301 3293 1366 3372 ipsa
1379 3295 1499 3373 repperi

405 3397 562 3459 Facilitate
577 3395 619 3456 nil
634 3415 697 3456 esse
712 3394 827 3455 homini
841 3394 947 3454 melius
961 3413 1058 3472 neque
1073 3392 1238 3454 elementia.

406 3499 443 3560 Id
458 3518 520 3560 esse
535 3517 639 3559 verum
654 3516 692 3556 ox
706 3516 754 3556 me
769 3503 860 3574 atque
875 3515 914 3555 ex
927 3495 1021 3554 fratre
1037 3494 1131 3554 cuivis
1145 3493 1262 3555 facilest
1276 3515 1403 3556 noscere.

406 3600 462 3661 Ille
477 3620 560 3662 suam
575 3599 638 3678 egit
652 3617 769 3676 semper
783 3597 877 3656 vitam
892 3597 924 3656 in
939 3596 1009 3670 otio,
1025 3595 1057 3655 in
1072 3594 1224 3669 conviviis,

407 3701 553 3774 Clemens,
570 3699 710 3779 placidus,
727 3697 803 3758 nulli
816 3698 935 3759 laedere
950 3717 990 3772 os,
1007 3696 1144 3757 adridere
1159 3697 1315 3757 omnibus:
