3630 4942
719 522 746 574 P.
768 520 918 572 TERENTI
937 519 1092 571 ADELPHI

789 697 939 759 SOENA
961 697 1000 759 11.

637 836 806 898 Osssffno
850 835 964 896 Siavs
1010 834 1173 917 (Sisalo.)

302 973 355 1036 OT.
398 973 462 1035 Abs
476 975 574 1053 quivis
587 974 716 1049 homine,
733 981 830 1036 oumst
844 995 927 1054 opus,
943 974 1120 1035 beneficium
1134 974 1265 1053 accipere
1279 973 1427 1054 gaudeas:

402 1075 516 1137 Varum
537 1076 617 1137 onim
637 1077 755 1138 veroid
777 1077 898 1137 domum
918 1076 1010 1150 iuvat,
1028 1075 1054 1136 si
1074 1095 1164 1154 quom
1184 1083 1341 1154 aequomst
1362 1075 1459 1137 faoero
1479 1073 1506 1134 is

754 1179 831 1238 bono
844 1177 925 1238 facit.

403 1277 429 1338 O
443 1279 538 1339 frater
551 1278 652 1353 frater,
669 1279 742 1357 quid
757 1298 812 1358 ogo
825 1298 906 1338 nuno
920 1285 950 1338 ts
965 1277 1104 1339 laudomi
1125 1277 1197 1338 satis
1212 1284 1293 1339 certo
1307 1277 1385 1338 scio:

402 1379 576 1458 Numquam
585 1380 629 1439 ita
637 1379 792 1458 magnifice
801 1379 961 1458 quisquam
970 1378 1114 1453 dicam,id
1122 1379 1220 1439 virtus
1228 1379 1303 1457 quin
1312 1385 1432 1457 superet
1440 1384 1503 1438 tua

302 1480 354 1541 SY.
412 1479 438 1540 Ο
467 1480 618 1559 Ctesipho.
663 1480 715 1541 OT.
752 1479 778 1540 O
807 1480 891 1561 Syro,
921 1479 1088 1540 Aeschinus
1116 1480 1217 1541 ubisti
1251 1479 1302 1540 SY.
1333 1478 1442 1553 Elium,
1472 1485 1506 1539 ts

754 1587 894 1660 expectat
904 1580 993 1641 domi.
1037 1580 1089 1642 OT.
1113 1580 1199 1641 Ham

301 1681 353 1742 SY.
397 1681 478 1757 Quid
505 1685 570 1743 osii
625 1681 676 1742 OT.
713 1681 792 1757 Quid
825 1682 884 1743 sita
926 1681 1006 1741 illius
1044 1702 1141 1759 opera,
1177 1680 1260 1760 Syro,
1297 1700 1377 1740 nuno
1413 1680 1505 1741 vivo:

754 1782 895 1843 festivom
909 1788 1006 1860 caput,

401 1882 460 1958 Qui
474 1883 654 1962 ignominias
669 1883 725 1944 sibi
739 1892 809 1962 post
822 1884 943 1962 putavit
957 1903 1020 1943 osso
1035 1903 1107 1962 praa
1120 1903 1188 1944 meo
1202 1883 1366 1958 commoda

401 1983 572 2059 Maledicta,
589 1984 709 2059 famam,
725 2005 826 2045 meum
840 1984 973 2045 laborem
988 1991 1019 2044 ot
1033 1991 1188 2063 paccatum
1202 1984 1234 2044 in
1248 2004 1280 2045 so
1295 1982 1470 2057 transtulit5

401 2085 454 2145 Nil
469 2087 547 2164 potis
562 2106 659 2165 supra.
677 2085 750 2164 quid
764 2106 835 2145 nam
848 2085 928 2146 foros
943 2085 1077 2164 orepuiti
1118 2085 1171 2146 SY.
1194 2085 1294 2160 Mane,
1310 2105 1417 2147 mano:
1438 2084 1505 2163 ipse

752 2187 815 2247 exit
828 2187 916 2247 foras.
1457 2213 1505 2262 129

786 2637 938 2698 SOENA
958 2638 1016 2698 ΙΙΙ.

520 2763 720 2823 Assofflovs
764 2763 897 2825 Somno.
942 2764 1112 2826 Cossano,
1156 2764 1271 2828 Ssta

299 2889 356 2951 ΑΕ.
400 2889 490 2950 Vbist
501 2889 551 2949 ille
564 2889 740 2969 sacrilegus?
761 2889 812 2951 SA.
829 2890 881 2950 Mo
892 2892 1017 2969 quaerit.
1029 2891 1177 2970 numquid
1188 2913 1258 2953 nam
1272 2894 1372 2956 offerti
1393 2896 1505 2958 occidi:

399 2990 452 3051 Nil
474 2990 569 3051 video.
613 2989 669 3051 Aa
701 2991 797 3052 Ehem
818 2999 1007 3071 opportuno:
1039 2999 1070 3053 to
1091 2994 1190 3073 ipsum
1211 3013 1340 3072 quaero:
1361 2995 1434 3073 quid
1456 2968 1494 3056 fi'

752 3092 916 3171 Ctesiphoi
1343 3074 1345 3079 Ι
1477 3130 1480 3135 ·

399 3191 436 3251 In
451 3199 548 3252 tobosa
562 3193 658 3253 omnis
672 3213 719 3254 res
733 3217 738 3254 :
762 3194 866 3254 omitte
880 3214 952 3254 voro
966 3194 1121 3255 tristitiom
1135 3203 1227 3255 tuam.

299 3292 349 3353 OT.
393 3292 457 3371 Ego
476 3292 558 3353 illam
572 3293 671 3355 hercle
685 3314 756 3355 vero
778 3294 892 3370 omitto,
910 3295 962 3373 qui
976 3295 1098 3373 quidam
1112 3302 1144 3357 to
1163 3297 1291 3358 habeam
1309 3297 1452 3360 fratrem:
1475 3299 1505 3362 O

750 3395 791 3455 mi
805 3395 961 3456 Aeschino.

298 3492 355 3554 Aa
399 3494 466 3574 Ago
480 3495 589 3573 inepte,
606 3495 692 3573 quasi
706 3516 786 3556 nuno
800 3517 861 3556 non
875 3497 1010 3557 no1imus
1023 3518 1077 3557 nos
1092 3499 1248 3573 internos,
1265 3498 1417 3578 Ctesipho.

402 3595 468 3655 Hoc
482 3596 557 3656 mihi
571 3595 662 3670 dolet,
678 3617 733 3657 nos
749 3617 814 3657 sero
829 3598 917 3658 scisso
932 3605 962 3658 ot
976 3618 1070 3676 paens
1085 3600 1117 3659 in
1132 3620 1201 3660 eum
1215 3620 1280 3660 rem
1293 3600 1392 3661 looum
