3630 4942
394 534 426 581 36
795 531 822 581 Ρ.
842 530 993 581 TERENTI
1012 531 1167 581 ADELPHI
1477 528 1540 590 [m
1553 545 1592 583 iv·

496 682 596 744 Cliens
610 683 722 743 amicus
736 683 843 762 hospes
857 689 975 743 nemost
988 682 1092 744 vobist
1133 681 1184 744 ΟΥ.
1208 682 1304 744 Sunt:
1326 682 1399 762 quid
1413 686 1536 763 postest

395 783 447 845 ΒΥ.
492 783 583 844 Hisce
604 803 694 863 opera
714 791 750 845 ut
771 783 842 844 data
862 784 909 845 sit.
964 783 1015 844 OT.
1039 783 1122 858 Quae
1149 803 1211 844 non
1232 783 1304 844 data
1324 785 1383 846 siat
1402 805 1464 845 non
1492 790 1595 864 potest

845 885 917 945 fieri.
967 883 1019 945 ΒΥ.
1042 885 1153 944 Potest.

495 985 575 1060 Quin
592 991 627 1045 tu
641 985 755 1046 otiosus
770 1005 818 1046 es:
840 1005 895 1064 ege
909 985 989 1045 illius
1004 1005 1123 1045 sensum
1137 984 1261 1064 pulchre
1275 985 1375 1046 calles.

494 1086 592 1162 Quom
613 1087 705 1147 fervit
728 1106 875 1161 maxume,
903 1095 965 1146 tam
989 1085 1141 1166 placidum
1163 1087 1248 1166 quasi
1272 1107 1359 1147 ovem
1384 1086 1485 1148 reddo.
1539 1085 1592 1148 OT.

846 1186 911 1261 Quo
932 1187 1042 1248 medei

392 1286 444 1348 ΒΥ.
491 1287 655 1348 Laudarier
669 1294 699 1348 te
714 1287 800 1347 audit
812 1287 969 1348 lubenter:
990 1287 1067 1348 facio
1082 1295 1112 1348 te
1127 1287 1207 1367 apud
1221 1287 1307 1348 illum
1321 1288 1433 1350 deum:
1544 1313 1597 1367 35⁰
1707 1359 1715 1376 ,

494 1389 732 1449 Virtutesnarro.
756 1387 807 1449 ΟΥ.
827 1388 927 1449 Meast
948 1387 1001 1448 ΒΥ.
1017 1389 1110 1448 Tuas:
1126 1388 1240 1449 homini
1251 1389 1472 1450 ilieolacrumae
1481 1388 1596 1451 cadunt

493 1488 585 1563 Quasi
613 1509 706 1568 puero
734 1488 852 1568 gaudie.
882 1510 919 1550 en
951 1490 1007 1549 tibi
1034 1497 1143 1550 autem.
1188 1489 1239 1551 OT.
1263 1489 1343 1564 Quid
1370 1493 1491 1551 namstt
1537 1489 1591 1551 ΒΥ.

842 1589 945 1668 Lupus
959 1591 991 1649 in
1008 1590 1117 1649 fabula.

391 1689 442 1750 OT.
486 1691 578 1752 Pater
596 1694 663 1752 esti
703 1690 756 1751 SY.
784 1691 814 1750 Is
832 1690 933 1770 ipsest.
976 1690 1029 1751 OT.
1052 1689 1136 1769 Syre,
1157 1691 1229 1769 quid
1251 1691 1387 1770 agimusi
1428 1690 1480 1752 SY.
1509 1691 1595 1770 Fuge

840 1791 929 1852 modo
944 1791 1032 1865 intro,
1050 1811 1104 1870 ego
1119 1791 1229 1851 videro.

882 2190 1035 2252 SGENA
1055 2190 1095 2252 ΙΙ.

726 2341 852 2404 Duum
906 2340 1076 2403 Omsmnu
1130 2341 1245 2404 Saeve.

372 2496 446 2555 ·Du.
490 2495 537 2556 Ne
552 2514 606 2575 ego
620 2495 710 2555 homo
721 2493 846 2555 infelix:
867 2493 998 2573 primum
1011 2493 1137 2554 fratrem
1147 2514 1296 2574 nusquam
1309 2494 1430 2556 invenio
1441 2497 1595 2576 gentium:

490 2595 649 2656 Praeterea
662 2601 772 2669 autem,
788 2595 861 2654 dum
874 2594 960 2654 illum
978 2614 1096 2675 quaero,
1112 2616 1130 2655 a
1147 2595 1220 2656 villa
1233 2597 1470 2658 mercennarium

489 2697 579 2758 Vidi:
601 2696 626 2756 is
640 2696 736 2756 filium
749 2702 840 2774 negat
855 2715 917 2756 esse
931 2695 994 2756 ruri
1008 2719 1014 2756 :
1035 2715 1090 2756 nea
1105 2695 1178 2775 quid
1192 2717 1279 2776 agam
1293 2698 1361 2758 seio.

391 2796 442 2857 SY.
487 2797 557 2858 Non
571 2796 671 2858 hercle
685 2796 733 2856 hic
748 2796 800 2876 qui
817 2796 882 2856 velt
896 2795 1003 2857 durare
1018 2797 1184 2875 quisquam,
1201 2797 1226 2857 si
1240 2797 1281 2857 sie
1295 2798 1338 2873 fit,
1355 2804 1461 2877 potest

490 2897 571 2959 Scire
585 2897 723 2976 equidem
737 2897 814 2972 volo,
831 2903 905 2977 quot
915 2896 990 2957 mihi
1004 2897 1065 2957 sint
1079 2896 1206 2960 domini:
1229 2918 1305 2976 quae
1319 2899 1392 2960 haee
1403 2906 1449 2960 est
1458 2900 1596 2964 miseria!

389 3001 447 3061 Dia
492 2998 572 3073 Quid
583 2999 634 3060 ille
647 2999 768 3078 gannitt
785 2998 859 3076 quid
873 2997 953 3059 voltt
973 2998 1046 3076 quid
1060 2998 1112 3074 ais,
1125 2999 1203 3060 bone
1217 2999 1279 3064 virt
1298 3006 1345 3060 est
1358 2999 1454 3061 frater
1467 3001 1567 3064 demit

390 3101 443 3162 ΒΥ.
486 3099 567 3175 Quid
580 3100 693 3161 malum
710 3099 803 3161 ‘bone
824 3099 887 3159 vir'
907 3098 982 3159 mihi
1003 3103 1125 3162 narrast
1146 3099 1284 3178 equidem
1302 3101 1385 3180 perii.
1428 3101 1486 3163 Dm
1510 3102 1596 3178 Quid

841 3200 947 3262 tibistt
1543 3220 1597 3283 3⁶0

390 3302 441 3363 ΒΥ.
486 3301 630 3381 Rogitas't
650 3300 793 3381 Ctesipho
807 3320 855 3362 me
869 3300 978 3380 pugnis
992 3299 1133 3362 miserum
1148 3307 1179 3363 et
1192 3301 1281 3364 istam
1295 3303 1449 3382 psaltriam

491 3403 593 3481 Vsque
623 3402 739 3463 occidit.
795 3401 853 3462 Du.
888 3401 975 3476 Hem,
1009 3402 1081 3481 quid
1109 3407 1234 3465 narrast
1288 3403 1340 3465 ΒΥ.
1364 3404 1428 3479 Em,
1457 3404 1528 3466 vide
1556 3415 1596 3468 ut

840 3502 961 3565 discidit
975 3503 1099 3566 labrum.
