3630 4942
320 515 352 560 20
734 514 759 563 Ρ.
780 514 932 564 Tuuuurl
951 514 1106 564 ADELPHI
1405 513 1467 572 [ner
1482 529 1523 563 111.

321 664 377 724 Gn.
422 665 509 739 Hem,
528 665 663 744 quisquis
685 685 724 741 es,
748 668 810 726 sine
836 687 892 727 me.
936 667 985 727 So.
1009 667 1073 746 Ego
1095 688 1160 727 sum
1181 667 1323 727 Sostrata.
1382 668 1438 728 GE.
1463 668 1523 728 Vbi

773 772 856 828 eastt
876 775 906 828 te
921 769 1015 847 ipsam
1030 769 1173 847 quaerite,

421 866 488 927 Era.
533 867 580 928 So.
613 867 693 942 Quid
715 873 782 929 estt
815 870 889 947 quid
917 869 1070 948 trepidast
1110 869 1168 930 Gn.
1191 869 1227 928 Ei
1257 871 1304 934 mi,
1351 870 1403 930 CA.
1443 869 1523 943 Quid

772 971 903 1044 festinas,
920 971 960 1030 mi
975 970 1073 1031 Geta?

421 1067 563 1130 Animam
578 1071 682 1149 recipe.
727 1072 782 1131 Gr.
801 1071 1018 1132 Prorsus-So.
1043 1071 1122 1146 Quid
1144 1073 1220 1133 istuo
1244 1072 1381 1152 ‘prorsus’
1404 1075 1524 1151 ergostt

774 1172 830 1232 Gn.
854 1173 1015 1252 periimus:

422 1272 569 1333 Actumst.
625 1273 674 1335 So.
698 1274 853 1352 Eloquere,
871 1275 991 1335 obsecro
1017 1282 1055 1348 to,
1073 1275 1145 1353 quid
1171 1275 1217 1334 sit.
1269 1274 1326 1334 Ga.
1365 1274 1521 1336 lam—So,

775 1374 854 1449 Quid
872 1375 955 1449 ‘iam’,
971 1375 1069 1436 Geta?

323 1477 378 1536 Gir.
422 1475 682 1537 Aeschinus—Su.
706 1477 786 1551 Quid
801 1477 826 1536 is
841 1481 931 1555 ergot
965 1477 1021 1538 GE.
1045 1477 1159 1539 alienus
1171 1484 1217 1537 est
1231 1478 1268 1537 ab
1284 1485 1387 1538 nostra
1401 1477 1522 1537 familia.

775 1577 824 1638 Su.
850 1578 937 1651 Hem,

424 1679 510 1739 Perii.
528 1699 589 1756 qua
603 1683 654 1740 ret
694 1678 750 1738 GE.
775 1678 886 1739 Amare
902 1680 1016 1758 occepit
1030 1680 1127 1740 aliam.
1158 1679 1206 1740 S0.
1226 1680 1289 1741 Vae
1302 1680 1428 1753 miserae
1439 1681 1521 1740 mihi.

324 1779 378 1839 Gn.
423 1780 530 1859 Neque
544 1779 576 1840 id
591 1779 705 1840 occulte
720 1781 787 1854 fert,
804 1781 885 1860 ipsus
900 1781 1011 1860 eripuit
1025 1780 1123 1860 palam
1138 1802 1236 1868 manu.

324 1883 372 1940 Se.
424 1881 510 1941 Satin
537 1881 593 1942 hoe
616 1885 779 1943 certumstt
827 1881 884 1941 GE.
912 1881 1052 1944 Certum:
1080 1882 1160 1942 hisee
1188 1869 1281 1943 oculis
1309 1890 1426 1962 egomet
1451 1883 1522 1956 vidi,

775 1983 917 2043 Sostrata
958 1982 1008 2044 So.
1021 1982 1071 2043 Ah

424 2084 476 2144 Me
504 2070 649 2144 miseram.
680 2084 754 2162 quid
782 2084 842 2144 iam
877 2084 998 2145 eredast
1032 2092 1084 2144 aut
1119 2086 1166 2144 oui
1194 2086 1315 2145 eredast
1349 2091 1524 2146 nostrumne

776 2183 975 2245 Aeschinumt

425 2286 567 2347 Nostram
596 2287 730 2347 omnium
758 2286 861 2360 vitam,
884 2286 915 2346 in
940 2305 1001 2365 quo
1025 2294 1145 2347 nostrae
1170 2308 1237 2367 spes
1263 2309 1393 2366 opesque
1422 2309 1526 2349 omnes

777 2388 871 2448 sitast
1480 2405 1526 2454 180

426 2489 485 2563 Qui
500 2489 563 2549 sine
578 2489 633 2549 hae
648 2489 764 2548 iurabat
779 2509 810 2548 se
824 2509 918 2548 unum
934 2510 1097 2568 numquam
1111 2490 1261 2550 victurum
1276 2490 1375 2551 diemt

326 2592 381 2651 Gir.
423 2590 491 2665 Era,
507 2591 654 2651 lacrumas
675 2591 761 2650 mitte
777 2611 809 2650 ao
831 2591 931 2669 potius
949 2591 1029 2670 quod
1052 2591 1090 2652 ad
1111 2592 1187 2652 hane
1202 2613 1265 2652 rem
1280 2613 1354 2671 opus
1377 2599 1423 2652 est
1437 2612 1527 2670 porro

778 2691 933 2770 prospice:

427 2792 621 2854 Patiamurne
630 2814 667 2853 an
677 2813 831 2853 narremus
841 2793 988 2871 cuipiamt
1011 2793 1064 2854 Ga
1082 2792 1132 2854 Au
1141 2815 1186 2868 au,
1200 2795 1241 2854 mi
1250 2793 1348 2869 homo,
1362 2815 1457 2854 sanun
1466 2798 1514 2855 est

427 2894 477 2954 An
499 2895 554 2955 hoe
575 2895 788 2974 proferendum
809 2895 865 2955 tibi
886 2895 1006 2955 videtur
1026 2899 1172 2974 usquam?
1212 2894 1268 2955 Gn.
1300 2896 1378 2955 Mihi
1406 2896 1531 2974 quidem

776 3016 837 3056 non
852 2996 956 3075 placet.

428 3097 493 3156 Iam
507 3098 636 3176 primum
651 3097 735 3157 illum
750 3097 847 3158 alieno
862 3098 961 3157 animo
976 3118 993 3157 a
1006 3099 1093 3158 nobis
1108 3118 1170 3159 esse
1185 3119 1232 3158 res
1247 3099 1312 3177 ipsa
1325 3098 1443 3159 indicat.

428 3198 518 3258 Nune
532 3200 557 3259 si
571 3199 626 3260 hoo
642 3199 740 3277 palam
755 3199 941 3278 proferimus,
958 3199 1009 3259 ille
1023 3199 1134 3259 infitias
1148 3199 1213 3273 ibit,
1230 3206 1276 3259 sat
1291 3200 1368 3260 seio:

429 3299 493 3360 Tua
507 3301 588 3360 iama
602 3307 633 3361 et
646 3307 755 3380 gnatae
769 3301 832 3360 vita
847 3301 878 3360 in
897 3301 1023 3360 dubium
1038 3302 1145 3366 veniet.
1163 3307 1229 3360 tum
1243 3301 1267 3360 si
1290 3321 1429 3361 maxume

429 3402 579 3476 Fateatur,
596 3423 665 3462 oum
680 3409 760 3462 amet
774 3401 871 3476 aliam,
885 3422 945 3461 non
959 3409 1005 3461 est
1019 3402 1092 3463 utile
1103 3402 1180 3463 hane
1195 3401 1238 3461 illi
1254 3403 1325 3463 dari.

429 3502 620 3582 Quapropter
654 3524 775 3582 quoquo
806 3509 893 3582 paeto
922 3503 1045 3564 taeitost
1082 3524 1163 3582 opus.
1224 3503 1272 3563 Su.
1317 3503 1367 3563 Ah
1397 3503 1530 3565 minume

779 3604 928 3684 gentium:

429 3705 625 3766 Nonfaoiam.
663 3706 719 3767 Gr.
737 3706 816 3780 Quid
827 3709 918 3784 ages?
953 3705 1003 3767 Su.
1020 3705 1181 3767 Proferam.
1221 3706 1274 3767 CA.
1299 3706 1386 3780 Hem,
1400 3726 1466 3767 mea
1489 3735 1533 3784 190

781 3807 923 3882 Sostrata,
941 3807 1010 3867 vido
1026 3828 1114 3886 quam
1130 3828 1193 3866 rem
1208 3828 1285 3886 agas.
