3630 4942
258 562 262 570 -
304 533 334 580 lt
718 528 746 582 P.
764 527 914 579 TERENTI
933 527 1088 577 ADELPHI
1387 525 1450 586 [Aur
1462 539 1507 577 111.

403 679 535 753 Redisse,
552 686 587 741 ut
601 681 626 740 si
641 700 743 740 omnes
758 686 901 759 cuperent
918 679 961 740 nil
975 680 1031 740 tibi
1046 685 1168 758 possent
1182 679 1359 740 auxiliarios.

304 780 356 842 OT.
404 781 550 842 Pudebat.
579 780 636 842 Ar.
661 780 719 855 Ah,
733 780 893 840 stultitiast
903 781 1003 854 istaec,
1016 800 1078 840 non
1088 779 1204 859 pudor:
1227 787 1290 840 tam
1300 780 1339 841 ob
1351 779 1506 860 parvolam

403 881 479 941 Rem
489 901 583 961 paene
593 902 609 942 a
618 882 728 961 patria!
743 887 832 960 turpe
846 881 937 942 dictu.
954 881 1027 942 deos
1040 900 1152 960 quaeso
1166 887 1202 941 ut
1212 880 1303 941 istaec
1315 881 1504 960 prohibeant.

303 981 353 1044 OT.
402 981 534 1043 Peccavi
579 981 636 1043 An
661 982 742 1057 Quid
763 983 807 1042 ait
827 982 949 1043 tandem
971 981 1058 1043 nobis
1079 981 1211 1042 Sannio?
1262 982 1314 1043 SY.
1338 983 1403 1043 Iam
1422 981 1505 1042 mitis

756 1091 810 1144 est.
1458 1109 1505 1160 139

303 1183 361 1243 ΑΕ.
404 1183 469 1262 Ego
483 1184 522 1244 ad
536 1184 634 1244 forum
649 1184 707 1257 ibo,
719 1191 753 1244 ut
767 1184 847 1244 hunc
862 1183 1029 1244 absolvam:
1044 1190 1078 1243 tu
1092 1183 1173 1245 intro
1188 1184 1226 1245 sd
1241 1183 1331 1259 illam,
1349 1182 1503 1262 Ctesipho.

303 1283 354 1345 Sa.
398 1284 482 1363 Syre,
499 1286 585 1345 insta
630 1284 682 1345 SY.
706 1285 835 1346 Eamus:
857 1305 987 1363 namque
1001 1285 1050 1346 hia
1064 1292 1205 1364 properat
1218 1285 1252 1345 in
1265 1284 1406 1364 Cyprum.
1450 1283 1504 1344 SA.

756 1384 804 1446 Ne
818 1393 882 1446 tam
895 1384 1035 1464 quidam:

405 1486 548 1562 Quamvis
563 1487 654 1546 etiam
668 1506 774 1546 maneo
789 1486 902 1547 otiosus
915 1487 972 1548 hio.
1016 1486 1068 1547 SY.
1079 1533 1082 1538 -
1092 1486 1267 1548 Reddetur:
1288 1505 1328 1546 ne
1341 1485 1421 1546 time.

305 1589 356 1650 SA.
403 1588 447 1648 At
461 1594 497 1647 ut
510 1586 724 1648 omnereddat.
753 1586 805 1648 SY.
830 1586 927 1648 Omne
937 1587 1062 1649 reddet:
1083 1595 1148 1648 tace
1162 1585 1505 1666 modoacsequerehao.

757 1688 809 1748 SA.
829 1687 950 1766 Sequor.

305 1790 356 1851 OT.
400 1789 484 1851 Heus
512 1788 593 1864 heus,
625 1788 708 1867 Syre.
767 1788 820 1848 SY.
851 1787 931 1863 Quid
959 1791 1024 1849 asti
1078 1787 1128 1849 Cr.
1167 1788 1297 1849 Obsecro
1331 1787 1431 1849 hercle
1465 1795 1506 1848 te.

756 1888 910 1949 hominem
923 1889 1016 1950 istum
1031 1889 1266 1969 inpurissumum

407 1990 649 2069 Quamprimum
664 1989 851 2064 absolvitote,
868 2010 913 2064 ne,
931 1990 956 2050 si
970 1991 1066 2069 magis
1080 1990 1223 2050 inritatus
1238 1989 1304 2065 siet,

405 2092 518 2169 Aliqua
532 2091 570 2151 ad
585 2097 701 2170 patrem
712 2091 767 2151 hoe
778 2097 934 2169 permanet
948 2099 1037 2169 atque
1049 2111 1104 2170 ego
1118 2099 1184 2152 tum
1199 2097 1345 2170 perpetuo
1359 2089 1508 2168 perierim.

306 2193 359 2253 SY.
402 2192 472 2252 Non
487 2194 547 2266 fiet,
564 2192 643 2252 bono
658 2191 757 2251 animo
773 2211 823 2252 es:
845 2200 881 2252 tu
895 2212 963 2252 oum
977 2192 1029 2252 illa
1044 2199 1074 2253 te
1088 2191 1171 2252 intus
1186 2192 1302 2253 oblecta
1316 2191 1444 2252 interim.

405 2293 470 2372 Ego
485 2293 544 2352 iam
558 2300 709 2352 transacta
723 2313 755 2353 re
770 2299 945 2353 convortam
959 2313 1008 2353 ma
1022 2292 1145 2353 domum
1160 2313 1229 2354 eum
1242 2292 1375 2354 obsonio.

671 3193 823 3255 AOTVS
844 3192 1096 3255 Ira-sonna
1118 3193 1141 3254 I.

700 3371 870 3432 Sosrnnra
915 3368 1104 3432 Oanrnana

307 3551 357 3613 SO.
401 3551 539 3624 Obsecro,
555 3569 622 3609 mea
635 3548 748 3622 nutrix,
765 3547 838 3626 quid
853 3515 933 3607 nuno
947 3548 1020 3608 fieti
1060 3547 1114 3609 CA.
1139 3546 1219 3622 Quid
1233 3549 1287 3609 fiat
1300 3553 1407 3629 rogasi
1465 3580 1512 3630 149

406 3652 462 3712 Pol
470 3652 496 3711 is
505 3649 628 3730 quidem
636 3649 696 3709 iam
705 3649 753 3709 hic
762 3647 872 3709 aderit:
887 3669 957 3708 nam
965 3668 1130 3726 numquam
1138 3669 1232 3710 unum
1241 3650 1510 3729 intermittitdiem,

407 3752 488 3827 Quin
503 3770 619 3830 semper
630 3750 738 3812 veniat
783 3748 832 3810 SO.
857 3748 945 3810 Solus
955 3768 1090 3809 mearum
1104 3749 1321 3811 miseriarumst
1335 3751 1509 3816 remedium.
