3630 4942
303 522 335 568 32
718 519 744 568 P.
763 517 914 568 Tannum
933 518 1089 568 ADELPHI
1386 508 1447 574 [aar
1463 529 1502 563 111.

403 672 533 745 Paravit,
551 672 672 749 quicum
686 672 787 731 vivat:
809 671 891 731 illam
906 671 1023 731 deserit.

301 774 359 832 Du.
403 772 463 832 Pro
478 779 581 832 certon
596 779 631 832 tu
645 771 736 832 istaec
750 772 844 832 dicisl
885 771 943 832 ΗΕ.
968 772 1069 832 Mater
1083 772 1208 850 virginis

402 873 439 932 In
455 859 590 935 mediost.
607 874 671 951 ipsa
685 872 778 952 virgo,
795 893 842 934 res
856 873 928 951 ipsa,
945 873 993 933 hic
1007 873 1086 933 Geta

335 1013 337 1016 -
403 974 570 1047 Praeterea,
586 981 622 1033 ut
636 979 740 1052 captus
754 980 800 1034 ost
815 994 976 1048 servorum,
990 995 1050 1034 non
1064 974 1161 1033 malus

402 1076 509 1153 Neque
524 1075 623 1135 iners:
645 1075 700 1135 alit
713 1075 787 1148 illas,
804 1076 883 1135 solus
898 1095 1017 1135 omnem
1031 1075 1176 1134 familiam

403 1176 580 1237 Sustentat:
601 1176 681 1236 hunc
696 1176 816 1250 abduce,
833 1177 920 1256 vinci,
934 1196 1042 1254 quaere
1057 1196 1128 1236 rem.

403 1277 500 1337 Immo
521 1277 620 1337 hercle
636 1283 789 1355 extorque,
806 1278 863 1336 nisi
878 1277 922 1337 ita
935 1277 1085 1351 factumst,
1101 1276 1234 1350 Demea,

403 1379 559 1438 Postremo
574 1398 635 1437 non
650 1378 789 1456 negabit:
811 1398 909 1439 coram
924 1379 1022 1458 ipsum
1037 1377 1116 1438 cado.

353 1527 359 1538 .
404 1479 523 1540 Pudet:
545 1499 599 1540 nec
614 1479 687 1558 quid
701 1499 788 1557 agam
802 1499 899 1557 neque
910 1479 983 1557 quid
998 1479 1066 1539 huic
1081 1478 1178 1539 dicam
1193 1479 1261 1539 scio.

356 1628 361 1640 .
407 1579 496 1640 Illaec
511 1581 601 1640 fidem
615 1600 694 1640 nunc
709 1587 841 1640 vostram
856 1580 995 1659 inplorat,
1012 1580 1134 1654 Demea,

404 1681 491 1755 Quod
505 1701 558 1741 vos
572 1682 618 1741 vis
634 1682 720 1760 cogit,
741 1681 772 1741 id
787 1680 943 1742 voluntate
958 1682 1096 1760 inpetrat.

404 1781 486 1842 Haec
501 1783 631 1860 primum
646 1791 681 1841 ut
695 1784 769 1842 fiant
783 1782 854 1842 deos
869 1802 978 1860 quaeso
993 1790 1028 1842 ut
1042 1783 1127 1843 vobis
1141 1782 1235 1843 decet.

404 1882 457 1942 Sin
472 1883 559 1943 aliter
572 1884 689 1943 animus
704 1890 805 1944 voster
819 1890 872 1957 est,
889 1904 951 1962 ego,
968 1883 1090 1957 Demea,

404 1983 529 2044 Summa
542 1984 573 2044 vi
587 1983 747 2045 defendam
761 1984 838 2044 hanc
853 1991 943 2062 atque
957 1985 1043 2044 illum
1057 1991 1216 2044 mortuom.
1268 1979 1270 1984 ’

405 2084 557 2164 Cognatus
572 2085 646 2145 mihi
661 2092 742 2146 crat:
764 2106 825 2145 una
840 2106 857 2145 a
871 2085 970 2164 pueris
984 2086 1114 2164 parvolis

404 2186 514 2246 Sumus
528 2185 629 2246 educti
643 2210 649 2247 :
670 2207 732 2246 una
745 2205 862 2264 semper
876 2186 1000 2247 militiae
1015 2193 1046 2248 61
1059 2187 1140 2247 domi

402 2287 544 2348 Fuimus:
566 2293 775 2366 paupertatem
790 2307 850 2346 una
863 2286 1041 2366 pertulimus
1056 2308 1184 2366 gravam.

404 2387 593 2466 Quapropter
606 2388 695 2463 nitar,
711 2388 825 2462 faciam,
843 2389 986 2467 experiar,
1003 2387 1132 2467 danique

403 2488 544 2548 Animam
558 2488 724 2567 relinquam
738 2490 838 2568 potius
853 2510 944 2567 quam
956 2489 1022 2550 illas
1036 2491 1178 2550 deseram

403 2589 483 2664 Quid
498 2590 571 2650 mihi
587 2590 767 2669 respondeat
808 2590 865 2650 Du.
889 2591 1026 2651 Fratrem
1041 2592 1224 2665 conveniam,
1241 2591 1347 2670 Hegio.

304 2691 363 2752 Hn.
408 2691 476 2766 Sed,
493 2691 614 2766 Demea,
631 2691 687 2752 hoc
701 2698 736 2752 tu
750 2691 841 2752 facito
856 2711 923 2752 cum
938 2693 1038 2752 animo
1053 2693 1173 2771 cogites,

404 2791 501 2866 Quam
516 2813 569 2852 vos
584 2792 733 2853 facillume
748 2793 843 2872 agitis,
860 2813 951 2871 quam
966 2793 1037 2854 estis
1051 2814 1190 2854 maxume

405 2893 548 2954 Potentes
563 2893 640 2954 dites
654 2894 801 2954 fortunati
816 2893 937 2968 nobiles,

403 2993 477 3054 Tam
491 3015 631 3056 maxume
645 3015 699 3055 vos
713 3014 807 3073 aequo
822 2995 921 3055 animo
936 3015 1031 3074 aequa
1041 3015 1162 3056 noscere

406 3095 540 3174 Oportet,
558 3097 650 3156 sivos
665 3095 754 3156 voltis
768 3096 918 3175 perhiberi
933 3096 1048 3175 probos.

303 3197 361 3257 Du.
405 3196 534 3273 aedito,
555 3197 629 3258 fient
643 3217 720 3277 quae
736 3198 798 3258 fieri
814 3205 971 3276 aequomst
985 3197 1092 3258 omnia.
