3630 4942
309 548 340 595 34
522 572 526 580 ·
723 541 751 591 P.
771 540 922 592 TERENTI
940 539 1096 590 ADELPHI

310 695 368 756 Hn
412 695 509 755 Decet
522 701 552 755 te
566 693 671 754 faeere.
715 693 801 768 Geta,
818 692 876 753 duo
890 711 938 753 me
952 692 1032 752 intro
1047 691 1086 752 ad
1101 690 1274 752 Sostratam.

309 797 366 856 Dn.
411 796 481 856 Non
496 815 543 855 me
557 795 708 855 indicente
722 795 794 855 haec
808 795 905 854 fiunt:
926 793 1043 854 utinam
1053 792 1102 852 hio
1116 792 1156 852 eii
1169 791 1259 853 modo

409 897 615 957 Defunctum:
636 915 742 956 verum
755 895 848 956 nimia
861 894 946 955 illaec
957 894 1078 954 liceniia
1248 893 1250 896 ’

409 997 548 1058 Profecto
564 996 665 1057 evadit
678 998 710 1056 in
723 995 845 1075 aliquod
858 1016 1001 1074 magnum
1014 995 1133 1055 malum

410 1099 465 1159 Ibo
486 1119 519 1159 ae
533 1098 683 1176 requiram
694 1098 827 1172 fratrem,
844 1105 880 1158 ut
893 1097 925 1156 in
940 1116 1009 1157 eum
1023 1096 1096 1156 haee
1111 1115 1255 1156 evomam.

797 1746 947 1808 SOENA
967 1746 1002 1808 V.

849 1873 964 1934 Hnoro.

405 1999 491 2060 Bono
505 2000 605 2060 animo
619 2000 665 2060 fao
681 2001 729 2075 eis,
746 1999 888 2074 Sostraia,
906 2006 937 2059 et
950 2000 1039 2059 istam
1054 1999 1135 2078 quod
1148 2006 1233 2077 potes

406 2100 466 2161 Fac
481 2101 638 2161 consolere.
656 2121 711 2180 ego
725 2100 895 2173 Micionem,
912 2101 937 2160 ei
952 2100 1032 2179 apud
1046 2101 1183 2174 serumst,

406 2200 592 2262 Conveniam
606 2209 695 2280 aeque
706 2208 742 2262 ut
755 2221 802 2261 res
817 2208 930 2280 geetast
940 2201 1068 2261 narrabo
1083 2201 1205 2261 ordine:

407 2300 439 2361 Si
454 2308 507 2377 est,
524 2304 549 2362 is
563 2303 697 2363 facturus
710 2308 747 2363 ut
760 2303 800 2362 sit
811 2302 940 2362 officium
954 2322 1046 2376 suom,

405 2402 510 2463 Faciat
522 2427 529 2465 :
550 2403 597 2463 sin
611 2403 699 2464 aliter
713 2403 750 2463 de
765 2403 820 2464 hac
834 2422 867 2463 re
882 2409 928 2463 est
942 2404 1005 2464 eius
1020 2404 1176 2475 sententia,

406 2504 600 2582 Respondeat
613 2505 662 2578 mi,
679 2504 802 2582 utquid
817 2524 903 2583 agam
918 2524 1009 2582 quam
1024 2503 1154 2583 primum
1168 2504 1267 2563 eciam.

671 3208 823 3270 AOTVS
844 3209 1093 3270 IV.—SOENA
1113 3209 1137 3270 Ι.

739 3360 906 3422 Ornsnno.
952 3361 1064 3424 Srnve

303 3514 353 3601 OT.
398 3513 462 3574 Ain
482 3521 599 3592 patrem
620 3511 800 3572 hincabisee
821 3515 892 3573 rusi
933 3512 986 3573 ΒΥ.
1009 3513 1220 3574 Iamdudum.
1257 3514 1308 3576 OT.
1332 3515 1390 3575 Die
1410 3517 1508 3578 sedeo.

355 3676 357 3680 ¹
756 3611 809 3672 ΒΥ.
832 3611 925 3693 Apud
939 3614 1072 3674 villamer
1080 3637 1089 3690 ;

302 3715 353 3775 CT.
408 3714 468 3775 Sed
482 3714 534 3775 ubi
549 3734 596 3774 me
611 3713 672 3773 illio
687 3733 748 3773 non
762 3713 886 3788 videbit,
902 3715 961 3774 iam
976 3715 1034 3775 huc
1049 3723 1188 3791 recurret,
1205 3722 1252 3776 sat
1266 3717 1343 3778 ecio:

401 3815 558 3895 Rogitabio
572 3835 627 3889 me,
646 3815 698 3874 ubi
712 3814 840 3875 fuerim:
864 3821 937 3894 ‘ego
952 3815 1008 3876 hoa
1022 3823 1053 3877 te
1068 3824 1133 3877 toto
1147 3837 1208 3877 non
1222 3817 1286 3877 vidi
1300 3817 1349 3878 die
1361 3817 1383 3879 :'

401 3916 482 3999 Quid
493 3916 610 3985 dicam?
630 3914 681 3976 ΒΥ.
706 3914 798 3975 Nilne
809 3915 841 3974 in
852 3920 1033 3977 mentemst?
1075 3917 1125 3978 CT.
1149 3919 1324 4000 Numquam
1335 3918 1504 4002 quiequam.

753 4015 805 4083 ΒΥ.
829 4017 928 4077 Tanto
941 4019 1073 4103 nequior.
