3630 4942
713 527 739 575 P.
760 525 912 576 TERENTI
931 526 1086 576 ADELPHI
1382 523 1443 583 [lor
1457 539 1499 575 111.

784 781 935 842 SOENA
956 782 1008 841 IV.

683 932 798 993 Hnmo.
842 934 939 1001 Gara
990 933 1116 993 Dumna

299 1083 359 1143 ΗΕ.
403 1084 462 1143 Pro
476 1084 508 1144 di
523 1085 704 1159 inmortales,
721 1084 837 1145 facinus
851 1086 1018 1164 indignum,
1034 1084 1121 1158 Geta,

400 1184 487 1258 Quod
502 1207 610 1245 narras.
656 1185 712 1245 Gn.
737 1186 785 1245 Sic
799 1195 846 1246 est
860 1186 979 1246 iactum.
1025 1186 1084 1244 ΗΕ.
1108 1185 1155 1244 Ex
1169 1185 1242 1244 illan
1257 1185 1371 1245 familia
1454 1200 1502 1248 280

401 1287 475 1346 Tam
490 1287 644 1347 inliberalc
659 1287 774 1347 lacinus
789 1307 852 1348 esse
867 1292 986 1347 ortum!
1009 1287 1035 1347 O
1050 1285 1206 1360 Aeschine,

401 1387 456 1447 Pol
470 1387 551 1448 haud
566 1395 724 1466 paternum
738 1382 815 1449 istuc
830 1389 947 1449 dedisti.
991 1388 1049 1447 Du.
1073 1388 1228 1448 Videlicet.

400 1489 447 1548 De
460 1489 585 1567 psaltria
598 1490 652 1550 hac
668 1490 800 1550 audivit:
822 1490 854 1549 id
864 1489 909 1549 illi
923 1510 1002 1549 nunc
1016 1489 1099 1549 dolet

401 1589 517 1650 Alione.
535 1598 620 1669 pater
634 1592 698 1651 cius
712 1591 765 1650 nili
779 1591 902 1670 pendit:
924 1591 950 1651 ei
966 1591 1048 1664 mihi,

400 1691 525 1751 Vtinam
539 1691 587 1752 hic
602 1713 693 1772 prope
708 1692 787 1752 adsit
802 1692 910 1753 alicubi
925 1699 1015 1771 atquc
1029 1692 1102 1752 haee
1118 1692 1226 1751 audiat.

344 1811 360 1854 ¹.
405 1792 471 1852 Nisi
485 1792 597 1854 facient
611 1814 687 1871 quae
709 1793 775 1853 illos
789 1800 952 1872 aequomst,
969 1793 1050 1853 haud
1065 1794 1106 1854 sic
1122 1794 1266 1853 auferent.

342 1938 357 1955 ..
402 1895 438 1954 In
454 1900 483 1954 te
498 1915 564 1973 spes
579 1895 683 1968 omnis,
704 1895 810 1974 Hegio,
826 1896 912 1956 nobis
927 1896 1031 1955 sitast:¹

400 1995 443 2055 Te
458 1996 555 2056 solum
568 1995 769 2069 habemustu
784 2017 814 2057 es
829 2003 980 2074 patronus,
994 2002 1029 2056 tu
1043 2002 1148 2074 pater:

400 2097 455 2156 Ille
471 2097 527 2156 tibi
541 2097 670 2157 moriens
685 2118 739 2157 nos
753 2096 974 2157 commendavit
989 2117 1100 2157 senex:

400 2197 432 2258 Si
448 2196 559 2258 deseris
574 2204 616 2272 tu,
632 2198 782 2276 periimus.
827 2197 886 2258 ΗΕ.
911 2197 991 2258 Cave
1006 2198 1135 2257 dixeris:

400 2298 506 2377 Neque
520 2298 627 2358 faciam
642 2319 739 2377 neque
753 2319 801 2358 me
816 2298 887 2358 satis
899 2299 947 2377 pie
961 2319 1047 2377 posse
1062 2299 1195 2360 arbitror.

351 2448 356 2460 .
401 2399 509 2460 Adibo.
533 2400 647 2460 salvere
663 2400 830 2479 Hegionem
845 2400 1009 2478 plurimum

399 2501 499 2562 Iubeo.
546 2501 605 2561 ΗΕ.
627 2501 682 2575 Oh,
699 2508 730 2561 te
744 2501 924 2580 quaerebam
937 2503 1054 2580 ipsum:
1076 2501 1165 2575 salve,
1181 2501 1302 2561 Demea.

350 2650 357 2662 .
401 2601 481 2676 Quid
496 2605 618 2663 auteml
659 2601 718 2662 HF.
742 2603 841 2662 Maior
855 2602 934 2662 filius
949 2609 1017 2663 tuos
1031 2602 1206 2676 Aeschinus,

400 2703 497 2777 Quem
511 2703 598 2764 fratri
613 2703 818 2783 adoptandum
833 2703 951 2777 dedisti,
968 2724 1066 2782 neque
1086 2705 1157 2765 boni

401 2805 507 2884 Neque
520 2804 651 2865 liberalis
665 2804 786 2865 functus
801 2805 958 2865 officiumst
971 2805 1036 2864 viri.

402 2905 483 2979 Quid
497 2906 575 2966 istuc
590 2909 654 2966 estl
695 2905 750 2967 He.
775 2906 921 2966 Nostrum
936 2907 1064 2967 amicum
1079 2926 1167 2966 noras
1181 2905 1330 2965 Simulum

399 3006 587 3086 Aequaleml
627 3007 684 3067 Du.
709 3006 788 3081 Quid
802 3007 856 3068 nit
897 3007 956 3068 ΗΕ.
979 3007 1087 3067 Filiam
1101 3008 1164 3068 eius
1178 3007 1326 3086 virginem

401 3109 487 3169 Olam
500 3109 597 3169 duxit.
621 3109 678 3168 Du.
693 3108 780 3169 Hem.
804 3108 863 3168 ΗΕ.
888 3109 998 3170 Mane:
1020 3129 1081 3168 non
1096 3109 1167 3168 dum
1183 3108 1302 3182 audisti,
1318 3107 1440 3180 Demea,

400 3210 487 3284 Quod
502 3218 548 3271 est
558 3210 785 3290 gravissumum.
828 3211 887 3270 Du.
910 3209 960 3270 An
973 3209 1048 3288 quid
1062 3217 1108 3270 est
1122 3210 1213 3270 etiam
1227 3209 1376 3288 ampliusl
1455 3235 1504 3284 300

352 3361 358 3373 .
402 3311 483 3372 Vero
499 3310 643 3391 amplius:
664 3332 734 3371 nam
750 3311 805 3372 hoc
820 3311 941 3390 quidem
956 3311 1117 3372 ferundum
1133 3311 1233 3390 aliquo
1247 3310 1383 3371 modost:

399 3413 493 3474 Venit
506 3414 589 3492 ipsus
604 3413 684 3473 ultro
698 3412 866 3473 lacrumans
881 3433 969 3473 orans
983 3414 1139 3474 obsecrans

399 3514 505 3576 Fidem
516 3515 599 3589 dans,
615 3515 717 3575 iurans
732 3535 763 3575 se
778 3514 861 3574 illam
875 3503 1036 3575 ducturum
1050 3513 1181 3574 domum.

400 3616 580 3696 Ignotumst,
597 3616 761 3690 tacitumst,
778 3615 962 3676 creditumst.
980 3636 1060 3676 nunc
1075 3616 1229 3694 psaltriam
