3630 4942
210 521 241 568 ⁶3
627 528 654 577 P.
675 529 826 581 TERENTI
845 532 1000 583 ADELPHI
1312 528 1372 588 [Acr
1386 542 1412 579 v.

312 669 339 731 N
343 691 374 731 cc
390 674 442 751 qui
458 696 525 737 eam
540 680 679 759 respiciat
694 683 852 763 quisquam
867 692 930 745 est:
952 685 1050 745 solast.
1095 684 1150 743 Ml.
1174 682 1271 757 Quam
1292 682 1340 741 hio
1355 701 1419 742 rem

668 785 731 844 a't

212 869 269 933 Du
314 871 401 935 Hanc
416 881 447 938 te
461 890 620 960 aequomst
634 789 750 961 duogelrei
768 893 799 946 et
812 895 842 947 te
857 907 978 966 operam
993 893 1026 946 ut
1041 887 1094 946 fiat
1107 885 1185 946 dare.

214 970 268 1034 Ml.
315 972 365 1036 Mc
387 974 497 1043 ducere
518 989 641 1046 autemt
681 987 738 1047 Du.
762 987 813 1048 Te.
858 988 912 1048 M1.
936 987 1008 1048 Mea
1048 987 1105 1047 Du
1129 987 1172 1046 Te
1186 986 1317 1063 inquam.
1362 983 1417 1087 Ml.

670 1088 793 1168 Ineptis.
837 1089 894 1149 Du
919 1088 951 1149 Si
966 1096 1001 1149 tu
1015 1089 1054 1148 sis
1068 1089 1165 1161 home,

316 1175 375 1239 Hic
400 1180 499 1245 iaciat.
544 1185 602 1248 Au.
636 1189 682 1249 Mi
706 1197 799 1269 pater.
845 1190 898 1250 Mr.
933 1189 1013 1265 Quid
1038 1196 1074 1249 tu
1097 1195 1199 1249 autem
1222 1187 1301 1261 huic,
1328 1186 1419 1260 asine,

671 1290 841 1352 auscultas?
881 1291 938 1351 Du
962 1290 1015 1351 Nil
1029 1291 1110 1370 agis:

318 1379 398 1443 Fieri
421 1385 509 1448 aliter
529 1409 591 1450 non
612 1399 719 1470 potest.
763 1392 817 1452 M1.
841 1392 966 1452 Deliras.
1011 1390 1068 1452 Au.
1093 1390 1164 1451 Sine
1184 1397 1215 1450 te
1233 1408 1361 1463 exorem,
1378 1389 1421 1448 mi

673 1499 766 1572 pater.
1373 1506 1423 1567 670

218 1581 273 1644 Ml.
318 1583 453 1651 Insanis:
477 1593 568 1654 aufer.
613 1594 670 1654 Du.
694 1594 769 1675 Age,
785 1594 824 1654 da
838 1595 957 1654 veniam
971 1592 1039 1654 filio.
1084 1593 1139 1653 Mr.
1164 1592 1250 1653 Satin
1267 1612 1357 1652 sanus
1372 1594 1424 1652 esi

320 1685 384 1767 Ego
399 1710 493 1754 novos
507 1695 634 1756 maritus
648 1715 727 1756 anno
741 1696 862 1756 demum
877 1695 984 1774 quinto
998 1702 1030 1756 et
1043 1713 1257 1774 sexagensumo

320 1788 406 1851 Fiam
421 1799 511 1872 atque
526 1816 616 1856 anum
631 1797 814 1876 decrepitam
828 1796 954 1858 ducamt
974 1796 1045 1856 idne
1059 1797 1131 1857 estis
1144 1802 1281 1856 auctores
1295 1793 1390 1854 mihis

220 1886 277 1949 Au
321 1890 399 1954 Fac:
428 1897 551 1973 promisi
575 1918 630 1976 ego
654 1898 720 1958 illis.
765 1897 819 1957 ΜΙ.
854 1897 996 1958 Promisti
1020 1899 1140 1958 autemt
1170 1896 1208 1958 de
1232 1904 1263 1957 te
1288 1894 1421 1974 largitor,

674 2019 756 2078 puer.

221 2091 278 2152 Du.
323 2093 397 2174 Age,
415 2096 487 2175 quid
503 2098 602 2178 siquid
617 2107 647 2160 te
662 2099 758 2159 maius
769 2102 853 2160 oreti
873 2099 928 2160 Ml.
946 2098 1037 2173 Quasi
1048 2118 1109 2159 non
1119 2098 1176 2159 hoc
1187 2099 1421 2159 sitmaxumum.
1474 2113 1482 2122 ·

222 2191 279 2255 Du.
323 2196 372 2257 Da
392 2198 518 2259 veniam.
562 2199 619 2259 Au.
651 2200 699 2260 Ne
719 2219 850 2278 gravere.
894 2200 951 2260 Du.
983 2200 1050 2274 Fac,
1073 2200 1223 2278 promitte.
1266 2198 1321 2258 Ml.
1354 2199 1426 2259 Non
1497 2244 1501 2251 .

676 2299 835 2361 omittitis?

224 2395 281 2458 Au
325 2398 403 2474 Non,
420 2401 478 2461 nisi
492 2407 523 2462 te
538 2421 665 2462 exorem.
693 2402 748 2461 M1.
772 2401 826 2462 Vis
842 2408 888 2462 est
900 2401 973 2462 haec
988 2402 1117 2481 quidem.
1143 2402 1201 2463 Du.
1218 2400 1284 2481 Age
1298 2399 1423 2480 prolixe,

677 2502 776 2562 Micio.

226 2598 280 2660 M1.
324 2601 389 2662 Etsi
403 2603 460 2662 hoe
470 2603 545 2663 mihi
556 2623 681 2682 pravom
692 2604 829 2682 ineptum
840 2603 1003 2664 absurdum
1014 2610 1104 2682 atque
1115 2603 1349 2664 alienumavita
1360 2622 1427 2663 mea

326 2702 473 2765 Videtur:
495 2705 587 2765 sivos
602 2712 688 2764 tanto
702 2724 791 2783 opere
805 2705 882 2765 istuc
897 2705 994 2779 voltis,
1011 2706 1071 2765 fiat.
1101 2703 1158 2766 Au
1178 2704 1260 2765 Bene
1274 2704 1354 2765 facis.

226 2801 283 2863 Da.
328 2803 440 2865 Merito
465 2813 518 2865 tuo
542 2812 573 2866 te
598 2826 673 2866 amo.
700 2806 901 2866 verum—Ml.
926 2805 1025 2880 Quidc
1066 2806 1123 2866 Du.
1150 2806 1215 2886 Ego
1239 2805 1345 2880 dicam,
1369 2803 1426 2866 hoo

680 2927 748 2967 cum
762 2906 797 2966 fic
811 2907 893 2985 quod
906 2907 983 2967 volo.
1379 2921 1429 2971 680

227 3003 282 3064 M1.
327 3005 407 3081 Quid
421 3009 520 3067 nunct
540 3007 613 3085 quid
628 3011 741 3087 restatt
780 3007 839 3068 Du
863 3007 962 3087 Hegio
976 3014 1119 3088 cognatus
1133 3007 1179 3068 his
1194 3000 1240 3068 eet
1253 3027 1427 3086 proxumus,

328 3105 446 3167 Adfinis
461 3108 554 3182 nobis,
571 3129 702 3187 pauper:
723 3110 798 3170 bene
812 3128 867 3169 nos
881 3109 995 3187 aliquid
1009 3110 1106 3170 facere
1119 3109 1164 3169 illi
1179 3108 1265 3169 decet

228 3206 283 3267 ΜΙ.
328 3207 408 3282 Quid
422 3210 538 3270 faceret
561 3209 619 3270 DE.
635 3208 766 3290 Agellist
776 3210 824 3270 hic
836 3210 891 3270 sub
905 3210 979 3270 urbe
990 3211 1113 3289 paulum
1124 3210 1204 3289 quod
1215 3209 1320 3270 locitas
1331 3210 1429 3271 foras:

329 3307 409 3370 Huic
433 3310 538 3371 demus
563 3311 615 3390 qui
639 3311 765 3371 fruatur.
817 3310 872 3371 M1.
906 3310 1035 3371 Paulum
1059 3311 1091 3371 id
1115 3315 1265 3372 autemst't
1305 3311 1363 3371 Du
1399 3309 1431 3370 Si

681 3412 846 3486 multumst,
863 3419 965 3472 tamen

328 3510 562 3573 Faciundumst:
594 3532 648 3592 pro
673 3520 758 3592 patre
782 3513 852 3573 huic
878 3520 931 3588 est,
955 3512 1127 3587 bonusest,
1151 3518 1253 3573 noster
1273 3519 1326 3587 est,
1350 3519 1431 3574 recte

681 3614 779 3674 datur.

330 3712 486 3776 Postremo
501 3735 561 3776 non
576 3735 675 3775 meum
690 3715 765 3775 illud
779 3715 906 3776 verbum
921 3715 1005 3790 facie,
1023 3716 1103 3793 quod
1117 3723 1161 3790 tu,
1177 3715 1276 3789 Micio,
