3630 4942
307 546 322 594 6
722 542 748 592 Ρ.
770 539 920 592 TERENTI
939 539 1094 591 ADELPHI

307 693 362 756 M1.
407 692 487 768 Quid
501 693 597 753 tristis
612 696 661 753 esi
682 692 738 752 Du
764 691 864 771 Rogas
877 712 933 766 me,
950 693 1003 752 ubi
1018 693 1105 753 nobis
1119 692 1287 753 Aeschinus

411 793 483 869 siet,
501 793 574 873 quid
589 794 685 854 tristis
699 813 754 872 ego
769 793 846 853 simi
865 792 921 853 Ml.
938 793 1034 853 Dixin
1048 793 1104 854 hoo
1118 794 1202 854 forei

412 894 492 970 Quid
507 895 601 956 {sciti
620 894 678 955 DE.
702 893 781 969 Quid
796 892 846 954 ille
860 894 984 955 feeerit?
1004 914 1093 973 quem
1106 914 1204 973 neque
1218 895 1314 974 pudet

414 995 588 1074 Quicquam,
605 1015 659 1056 neo
673 995 783 1055 metuit
797 1014 986 1073 quemquam,
1003 1015 1100 1074 neque
1114 995 1211 1074 legem
1226 1004 1313 1075 putet

414 1097 528 1157 Tenere
543 1117 574 1157 se
589 1096 687 1156 ullam.
711 1116 781 1155 nom
794 1094 846 1155 illa
861 1115 937 1174 quae
946 1094 1077 1157 ontehec
1091 1097 1170 1157 foeta
1185 1104 1256 1158 suni

415 1196 548 1258 Omitto:
571 1196 660 1258 modo
675 1196 748 1275 quid
763 1195 950 1276 designaviti
971 1197 1025 1257 M1.
1043 1197 1123 1273 Quid
1137 1218 1208 1258 nom
1222 1198 1253 1258 id
1269 1201 1334 1259 esti

312 1298 370 1359 Du.
414 1298 505 1359 Fores
520 1299 637 1377 effregit
651 1306 741 1376 atque
755 1297 787 1357 in
801 1297 890 1358 aedes
903 1297 997 1359 inruit

413 1399 555 1475 Alienos;
576 1399 674 1478 ipsum
689 1398 845 1459 dominum
859 1405 950 1478 atque
965 1419 1084 1460 omnem
1099 1400 1244 1461 familiam

414 1501 561 1561 Mulcavit
575 1520 669 1579 usquo
683 1499 722 1559 od
739 1506 884 1560 mortem:
907 1500 1017 1579 eripuit
1031 1501 1186 1562 mulierem

414 1600 510 1676 Quam
525 1601 651 1661 amabat.
668 1600 799 1662 clamant
812 1620 914 1660 omnes
928 1601 1144 1680 indignissume

412 1702 538 1763 Factum
553 1722 634 1763 esse:
655 1701 711 1761 hoe
726 1700 900 1761 advenienti
916 1710 991 1780 quot
1009 1703 1091 1776 mihi,
1112 1702 1211 1778 Micio,

414 1803 543 1865 Dixere!
565 1803 597 1863 in
612 1809 692 1863 orest
707 1802 787 1862 omni
803 1801 921 1881 populo.
938 1803 1076 1882 donique,

416 1904 448 1965 Si
466 1902 679 1965 conferendum
694 1903 902 1981 exemplum,
918 1923 979 1964 non
993 1904 1118 1965 fratrem
1132 1905 1218 1966 videt

415 2005 471 2066 Rei
485 2005 557 2065 dare
572 2024 693 2084 operam
707 2004 777 2078 ruri,
795 2024 858 2064 esse
872 2024 994 2083 parcum
1009 2025 1043 2066 oo
1057 2006 1209 2067 sobriumi

415 2106 541 2167 Nullum
555 2106 645 2165 huius
660 2105 756 2166 simile
770 2105 892 2166 factum.
908 2106 980 2166 hoeo
995 2126 1064 2168 oum
1077 2106 1130 2182 illi,
1146 2107 1246 2181 Micio,

416 2208 499 2281 Dice,
517 2207 573 2267 tibi
588 2207 672 2267 dico:
693 2212 728 2265 tu
742 2205 828 2266 illum
843 2207 992 2285 corrumpi
1007 2207 1087 2267 sinis.

316 2309 370 2371 ML
415 2307 569 2381 Ausculta,
586 2327 623 2368 ne
638 2326 686 2367 me
701 2306 849 2367 obtundas
863 2306 901 2368 de
915 2307 970 2367 hac
985 2327 1017 2368 re
1031 2309 1156 2389 saepius.

417 2409 514 2469 Tuom
528 2409 624 2468 filium
638 2408 748 2468 dedisti
760 2407 965 2486 adoptandum
978 2409 1066 2470 mihi:

417 2509 448 2569 Is
462 2529 546 2569 meus
560 2516 606 2569 esi
620 2509 734 2569 iaetus:
755 2508 854 2586 siquid
869 2517 979 2588 peccat,
995 2509 1116 2585 Demea,

418 2610 496 2670 Mihi
511 2618 632 2689 peccat:
654 2629 709 2688 ego
724 2608 768 2668 illi
782 2629 954 2670 maxumam
969 2612 1201 2689 paroemiorum.

419 2710 560 2785 Obsonst,
578 2717 670 2788 poteo,
688 2709 750 2770 olet
762 2718 934 2789 unguenta:
956 2711 994 2771 do
1008 2732 1095 2788 meo;

418 2811 510 2872 Fores
525 2811 660 2889 effregit:
682 2811 897 2886 uestimentum
918 2811 1040 2872 discidit

419 2913 560 2973 Vestem:
582 2912 767 2972 resarcietur.
784 2918 815 2972 ei
830 2911 889 2992 (dis
903 2912 1012 2993 gratio)

420 3012 475 3072 Est
488 3011 568 3073 unde
583 3011 654 3072 haec
669 3013 750 3087 fiunt,
767 3020 798 3073 et
812 3012 909 3073 adhuc
923 3033 984 3073 non
998 3013 1125 3075 molesto
1138 3023 1216 3076 sunt.

420 3114 464 3174 Te
479 3113 564 3192 plura
577 3114 609 3172 in
623 3113 678 3174 hoo
692 3132 724 3174 re
739 3133 859 3192 peceare
874 3114 1038 3174 ostendam.
1081 3116 1140 3177 DE.
1163 3117 1200 3177 Ei
1212 3118 1294 3193 mihi,

421 3214 512 3275 Pater
525 3235 588 3275 esse
602 3214 682 3276 disee
696 3215 734 3275 ab
748 3213 815 3288 illis,
833 3216 885 3293 qui
899 3235 968 3276 vere
982 3217 1086 3277 seiuni
