3630 4942
306 541 337 587 38
720 547 745 598 P.
768 546 918 596 TERENTI
937 546 1092 595 ADELPHI
1391 544 1453 605 [aer
1467 560 1504 600 IV.

307 691 364 753 Du.
410 695 507 770 Quam
525 699 649 761 obremt
690 700 741 760 SY.
766 700 818 759 Me
839 700 990 778 inpulsore
1012 700 1088 760 hanc
1110 706 1243 779 emptam
1269 720 1332 761 esse
1352 701 1402 760 ait.
1446 701 1504 760 Du.

758 800 828 861 Non
844 808 877 860 tu
893 821 960 861 eum
972 821 1021 876 rus
1035 801 1105 861 hino
1116 800 1206 860 modo

407 898 548 960 Produxe
563 900 643 962 aibas
655 905 665 962 t
706 901 758 962 SY.
781 902 924 961 Factum:
947 922 1052 961 verum
1062 901 1146 962 venit
1157 909 1225 981 post
1239 902 1407 962 insaniens:

407 998 437 1058 N
439 1000 460 1059 il
474 1003 613 1079 pepercit.
630 1022 692 1063 non
707 1003 849 1082 puduisse
864 1003 1021 1064 verberare
1035 1003 1188 1063 hominem
1203 1008 1321 1063 senem!

408 1099 503 1174 Quem
517 1122 571 1181 ego
585 1103 674 1164 modo
689 1124 815 1182 puerum
829 1104 983 1164 tantillum
997 1105 1028 1163 in
1043 1103 1180 1164 manibus
1194 1105 1309 1183 gestavi
1323 1103 1404 1164 meis.

306 1199 363 1260 Du
408 1201 530 1263 Laudo:
552 1203 702 1282 Ctesipho,
719 1205 878 1283 petrissae:
902 1205 958 1278 abi,
976 1206 1074 1264 virum
1088 1212 1119 1265 te
1133 1204 1239 1265 iudico.

307 1299 359 1360 SY.
406 1302 546 1364 Laudas?
566 1324 603 1364 ne
618 1305 667 1366 ille
683 1306 849 1366 continebit
867 1306 999 1384 posthae,
1016 1307 1040 1365 si
1055 1305 1157 1384 sapiet,
1174 1326 1287 1366 manus.

306 1400 363 1461 Du.
405 1403 544 1465 Fortiter.
582 1405 633 1466 SY.
657 1400 815 1485 Perquam,
832 1407 903 1484 quia
917 1407 1056 1466 miseram
1070 1407 1226 1466 mulierem
1240 1414 1271 1466 et
1284 1427 1332 1467 me
1347 1406 1506 1480 servolum,

407 1504 465 1579 Qui
478 1506 599 1567 referire
614 1527 674 1567 non
689 1506 843 1581 audebam,
861 1507 950 1569 vicit:
972 1507 1033 1582 hui,
1050 1508 1230 1586 perfortiter.
1460 1532 1510 1585 370

306 1603 363 1662 Du.
408 1604 478 1666 Non
493 1608 592 1685 potuit
606 1608 719 1668 melius.
737 1608 816 1668 idem
832 1608 914 1686 quod
929 1629 983 1687 ego
998 1609 1091 1667 sensit
1105 1617 1135 1668 te
1151 1628 1213 1669 esse
1227 1608 1296 1668 huic
1310 1609 1353 1668 rei
1369 1615 1465 1686 caput.

406 1706 464 1767 Sed
475 1716 558 1768 estne
567 1709 763 1770 fraterintust
784 1709 835 1769 SY.
853 1709 980 1768 Nonest.
1003 1710 1060 1769 Du.
1078 1709 1138 1769 Vbi
1146 1709 1388 1770 illuminveniam
1400 1708 1506 1788 cogite.

305 1803 358 1864 SY.
406 1806 472 1868 Soio
487 1810 600 1885 ubisit,
617 1831 721 1871 verum
739 1811 828 1870 hodie
845 1830 1010 1888 numquam
1024 1810 1203 1870 monstrabo.
1247 1810 1305 1870 Du.
1329 1809 1417 1884 Hem,
1434 1810 1510 1888 quid

757 1912 820 1971 aist
861 1910 912 1970 SY.
936 1910 991 1971 Ita

305 2006 362 2067 Du
406 2008 631 2071 Dimminuetur
644 2012 700 2071 tibi
715 2012 836 2090 quidem
851 2011 911 2071 iam
926 2012 1086 2072 cerebrum.
1132 2010 1183 2070 SY.
1207 2010 1251 2070 At
1264 2031 1374 2071 nomen
1388 2010 1488 2071 neseio

405 2110 490 2171 Illius
504 2112 641 2186 hominis,
660 2112 712 2172 sed
726 2113 824 2172 locum
838 2112 909 2172 novi
923 2113 976 2172 ubi
991 2113 1037 2171 sit.
1081 2111 1138 2170 DE.
1162 2110 1219 2171 Dic
1234 2131 1304 2190 ergo
1319 2111 1423 2172 locum.

305 2209 357 2270 SY.
405 2211 516 2271 Nostin
525 2212 1142 2292 porticumapudmacellumhacdeorsumt
1158 2212 1216 2272 Du.
1234 2212 1314 2287 Quid
1321 2213 1511 2273 ninoverimt

306 2310 358 2371 SY.
406 2312 574 2374 Praeterito
587 2314 642 2373 hae
657 2320 738 2374 reeta
752 2314 853 2392 platea
867 2334 1003 2375 sursum:
1025 2313 1077 2374 ubi
1092 2333 1126 2374 eo
1141 2313 1266 2387 veneris,

406 2412 506 2474 Olivos
521 2413 661 2474 deorsum
675 2434 796 2475 vorsum
810 2422 873 2477 est:
895 2415 951 2474 hae
965 2422 995 2474 te
1010 2413 1222 2493 praecipitato:
1245 2422 1348 2493 postea

404 2513 459 2573 Est
473 2514 511 2575 ad
526 2515 601 2575 hano
616 2535 739 2575 manum
753 2515 912 2577 sacellum:
934 2515 976 2575 ibi
991 2515 1182 2594 angiportum
1197 2523 1319 2594 propter
1334 2521 1387 2589 est,

304 2612 361 2673 Du.
406 2614 569 2689 Quanamt
601 2615 652 2676 SY.
670 2615 718 2675 Illi
729 2616 782 2675 ubi
793 2615 884 2676 etiam
895 2616 1049 2695 caprificus
1059 2636 1168 2695 magna
1182 2623 1235 2676 est.
1272 2615 1329 2676 DE.
1346 2615 1434 2677 Novi.
1460 2632 1511 2694 380

767 2715 819 2776 SY.
844 2716 909 2777 Hae
923 2717 1048 2796 pergito.

305 2814 362 2877 Du.
407 2816 444 2877 Id
455 2817 577 2895 quidem
586 2817 777 2896 angiportum
785 2837 846 2878 non
858 2824 904 2878 est
918 2818 1062 2896 pervium.
1094 2817 1146 2878 SY.
1171 2816 1284 2878 Verum
1296 2817 1415 2879 hercle:
1436 2818 1505 2894 vah,

406 2917 522 2978 Censen
536 2917 688 2979 hominem
702 2938 750 2979 me
765 2921 848 2981 esset
869 2919 983 2980 erravi:
1005 2919 1037 2978 in
1051 2919 1201 2998 porticum
1215 2939 1333 2980 rursum
1347 2918 1430 2980 redi:
