3630 4942
830 551 857 602 P.
877 551 1028 603 TERENTI
1045 550 1202 602 ADELPHI

903 805 1053 867 SOENA
1074 806 1129 867 III.
1164 818 1166 823 ’

875 957 984 1018 Mrem.
1028 957 1155 1019 Damas.

420 1109 474 1170 M1.
519 1108 629 1169 Parata
643 1128 660 1168 a
674 1107 760 1168 nobis
775 1115 853 1182 sunt,
870 1108 913 1168 ita
926 1117 962 1168 ut
976 1108 1047 1183 dixi,
1065 1109 1208 1184 Sostrata,

521 1209 581 1270 Vbi
595 1210 648 1269 vis.
673 1209 739 1288 quis
754 1230 824 1269 nam
838 1230 855 1269 a
868 1229 916 1270 me
930 1209 1048 1288 pepulit
1061 1217 1124 1269 tam
1138 1211 1269 1290 graviter
1282 1211 1380 1272 forest

421 1311 478 1371 Da
523 1310 560 1370 Ei
573 1310 655 1385 mihi,
673 1309 745 1388 quid
760 1311 886 1372 faciaml
905 1311 979 1389 quid
994 1315 1099 1390 agam'l
1119 1311 1193 1390 quid
1207 1311 1331 1372 clamem
1346 1319 1399 1372 aut
1414 1314 1541 1390 querart

423 1412 485 1473 Ml..
522 1411 655 1472 Rescivit
669 1431 789 1472 omnem
802 1432 883 1472 rem:
904 1411 936 1471 id
950 1432 1030 1472 nunc
1045 1412 1153 1473 clamat
1167 1413 1297 1474 scilicet:
1575 1438 1623 1491 540

523 1512 649 1573 Paratae
663 1511 749 1574 lites:
771 1512 1039 1573 succurrendumst.
1083 1513 1140 1572 DE.
1164 1513 1274 1573 Eccum
1289 1515 1374 1575 adest

524 1612 699 1674 Communis
713 1614 883 1692 corruptela
896 1622 1033 1675 nostrum
1046 1613 1182 1675 liberum.

423 1715 479 1776 ΜΙ.
523 1714 658 1775 Tandem
672 1715 799 1794 reprime
814 1714 998 1775 iracundiam
1013 1723 1103 1794 atque
1117 1715 1156 1775 ad
1170 1723 1200 1776 te
1215 1715 1286 1776 redi.

423 1816 480 1877 Da
525 1816 672 1895 Repressi,
688 1815 772 1890 redii,
789 1817 877 1876 mitto
891 1815 1050 1877 maledicte
1064 1817 1180 1876 omnia:

408 1929 410 1932 ‘
525 1917 601 1978 Rem
616 1917 712 1996 ipsam
725 1923 872 1996 putemus.
896 1916 1011 1978 dictum
1024 1917 1080 1977 hoc
1094 1917 1242 1978 internos
1256 1918 1316 1978 fuit

526 2018 586 2100 (Ex
600 2026 631 2079 te
645 2017 750 2078 adeost
764 2016 884 2098 ortum),
901 2038 939 2078 ne
953 2025 988 2078 tu
1002 2038 1119 2079 curares
1134 2039 1234 2079 meum

526 2120 611 2181 Neve
627 2139 681 2198 ego
694 2123 799 2181 tuoml
819 2118 974 2197 responde.
1018 2118 1073 2179 M1.
1096 2119 1259 2194 Factumst,
1275 2139 1336 2180 non
1350 2140 1434 2200 nego.

387 2299 391 2305 .
426 2222 484 2282 Dlt.
528 2219 590 2281 Our
603 2240 682 2280 nunc
697 2219 778 2299 apud
792 2228 822 2280 te
838 2223 941 2298 potatl
962 2240 1014 2280 cur
1027 2221 1134 2299 recipis
1147 2225 1267 2282 meum'l

528 2320 656 2396 Quando
671 2341 725 2400 ego
740 2328 824 2381 tuom
838 2340 900 2380 non
914 2340 992 2395 cure,
1009 2341 1047 2381 ne
1062 2342 1133 2382 cura
1146 2342 1254 2382 meum.

428 2424 483 2483 Ml.
528 2423 598 2483 Non
621 2442 747 2501 aequom
768 2421 849 2481 dicis.
893 2421 950 2482 Dm
984 2422 1074 2484 Nont
1115 2423 1169 2483 Ml.
1204 2422 1284 2483 Nam
1308 2431 1395 2485 vetus
1419 2424 1546 2484 verbum
1570 2423 1627 2506 hoc

881 2523 1040 2601 quidemst,
1582 2551 1630 2605 550

529 2623 709 2685 Communia
723 2644 786 2684 esse
800 2624 962 2684 amicorum
977 2625 1057 2684 inter
1071 2644 1102 2684 se
1117 2625 1223 2685 omnia.

429 2726 487 2796 Da.
530 2725 656 2786 Facete:
677 2745 757 2785 nunc
772 2724 893 2786 demum
908 2725 998 2785 istaec
1012 2733 1084 2786 nata
1098 2726 1230 2787 oratiost.

430 2827 485 2888 ML
528 2825 676 2887 Ausculta
690 2826 798 2905 paucis,
815 2825 873 2886 nisi
887 2826 1084 2901 molestumst‚
1101 2827 1220 2888 Demea

531 2927 691 3006 Principio,
708 2928 733 2987 si
747 2927 779 2987 id
793 2934 824 2988 te
837 2927 962 3002 mordet,
980 2935 1134 3006 sumptum
1148 2927 1202 2988 filii

533 3028 630 3103 Quem
642 3027 764 3103 iaciunt,
782 3048 891 3107 quaeso
906 3029 961 3089 hoc
975 3028 1066 3089 facito
1080 3036 1180 3090 tecum
1194 3030 1324 3109 cogites:

532 3129 579 3189 Tu
593 3128 659 3189 illos
674 3130 733 3213 duo
748 3130 820 3190 olim
835 3150 889 3208 pro
905 3150 935 3190 re
950 3129 1076 3190 tollebas
1090 3137 1149 3204 tua,
