3630 4942
713 531 739 580 P.
761 531 911 581 Tnaaurl
929 531 1084 581 ADuLPHI
1385 528 1447 589 [scr
1460 543 1497 581 w.

400 679 555 742 Exclamat
572 681 638 742 ‘abi
666 681 732 744 abi:
754 683 821 757 iam,
837 682 994 758 Aeschine,

400 779 480 841 Satis
494 781 547 842 diu
560 781 670 843 dedisti
685 784 793 845 verba:
815 790 862 844 sat
876 784 974 845 adhuc
985 790 1038 844 tua
1051 802 1105 844 nos
1118 782 1294 844 frustratast
1307 781 1398 844 fides'

401 881 506 958 ‘Hem
530 883 603 963 quid
624 883 700 945 istuc
722 884 860 946 obsecro'
882 885 1006 965 inquam
1022 883 1114 946 ‘esti’
1138 885 1263 960 ‘valeas
1283 883 1394 946 habeas
1414 883 1498 944 illam

751 1006 827 1064 quae
841 985 956 1065 placet'
1450 1011 1501 1061 4²0

398 1083 484 1145 Sensi
498 1084 566 1146 ilico
581 1085 613 1147 id
627 1085 692 1146 illas
707 1088 866 1166 suspicari:
888 1087 941 1149 sed
955 1086 1095 1167 reprendi
1108 1107 1157 1148 me
1171 1093 1281 1161 tamen,

397 1185 518 1265 Nequid
532 1185 570 1247 de
584 1185 676 1248 fratre
690 1188 827 1266 garrulae
840 1188 886 1249 illi
900 1189 1029 1250 dicerem
1043 1208 1077 1249 ac
1091 1189 1177 1250 fieret
1194 1188 1300 1268 palam

397 1287 486 1348 Nunc
501 1286 574 1367 quid
587 1287 714 1349 faciam?
734 1288 830 1350 dicam
844 1289 946 1350 fratris
961 1309 1024 1351 esse
1038 1290 1134 1352 hanot
1154 1288 1235 1369 quod
1245 1289 1408 1350 minumest
1422 1307 1498 1368 opus

396 1387 531 1465 Vsquam
545 1389 661 1450 efferri:
680 1409 713 1449 ac
730 1389 838 1452 mitto:
859 1391 923 1452 fieri
937 1390 1016 1471 potis
1031 1399 1077 1452 est
1087 1398 1123 1451 ut
1136 1410 1235 1469 nequa
1249 1396 1343 1451 exeat

396 1487 501 1567 Ipsum
515 1489 547 1551 id
560 1497 662 1551 metuo
677 1498 712 1551 ut
725 1490 868 1553 credant:
889 1499 937 1553 tot
948 1499 1129 1554 concurrunt
1142 1491 1206 1553 veri
1221 1491 1345 1552 similia:

396 1588 524 1668 Egomet
546 1591 649 1671 rapui:
678 1592 742 1672 ipse
764 1600 883 1672 egomet
907 1593 983 1655 solvi
1010 1601 1183 1674 argentum:
1209 1593 1248 1654 ad
1270 1613 1318 1654 me
1339 1590 1498 1654 abductast

749 1693 880 1756 domum.

396 1790 479 1852 Haec
492 1791 568 1854 adeo
582 1813 648 1855 mea
661 1793 750 1874 culpa
762 1794 860 1856 fateor
874 1795 945 1856 fieri.
962 1815 1023 1856 non
1037 1815 1085 1857 me
1099 1795 1176 1857 hanc
1190 1815 1254 1856 rem
1268 1794 1355 1874 patri,

397 1893 488 1954 Vtut
501 1901 567 1955 erat
579 1902 671 1974 gesta,
688 1895 852 1958 indicasse!
873 1917 1042 1959 exorassem
1056 1904 1092 1958 ut
1105 1917 1172 1959 eam
1185 1896 1332 1958 ducerem

397 1992 555 2056 Cessatum
568 2006 664 2076 usqu'e
679 1996 777 2058 adhuc
792 2004 851 2060 est:
872 2018 952 2059 nunc
966 2018 1064 2078 porro,
1079 1997 1238 2074 Aeschine,
1254 1996 1476 2078 expergiscere:

396 2093 484 2158 Nunc
498 2095 555 2159 hoc
569 2098 742 2177 primumst:
757 2098 796 2159 ad
809 2099 876 2160 illas
890 2100 947 2175 ibo,
963 2107 1000 2161 ut
1009 2103 1136 2180 purgem
1148 2119 1205 2161 mc.
1236 2099 1375 2161 accedam
1389 2098 1427 2160 ad

748 2199 835 2262 fores.
1447 2227 1498 2280 430

395 2297 495 2360 Perii:
516 2298 655 2361 horresco
669 2319 793 2381 semper,
810 2302 862 2363 ubi
876 2301 994 2382 pultare
1007 2302 1095 2364 hasce
1110 2301 1223 2382 occipio
1236 2302 1333 2363 miser.

395 2397 480 2459 Heus
494 2399 587 2462 heus:
609 2399 777 2463 Aeschinus
791 2422 846 2483 ego
861 2423 935 2464 sum.
959 2404 1074 2484 aperite
1088 2403 1197 2484 aliquis
1212 2410 1346 2465 actutum
1361 2402 1479 2464 ostium.

396 2499 503 2562 Prodit
516 2501 616 2563 nescio
630 2503 715 2582 quis:
737 2504 897 2567 concedam
912 2505 977 2566 huc.
