3630 4942
745 402 770 450 Ρ.
792 401 943 453 TERENTI
962 400 1116 453 austum

432 550 488 611 Ille
502 551 622 611 utitem
637 558 741 612 contra
754 572 802 613 mo
816 552 926 612 habeat
940 552 1016 613 facio
1030 552 1152 613 sedulo:

432 650 488 725 Do,
504 653 711 730 praetermitto
725 678 730 714 :
752 673 813 713 non
827 673 946 714 necesse
960 652 1056 713 habeo
1070 653 1171 713 omnia

432 752 491 813 Pro
505 773 572 813 meo
587 753 651 814 iure
665 773 769 833 agore:
791 762 950 832 postremo,
967 753 1016 814 alii
1032 753 1200 814 clanculum

432 853 537 914 Patres
551 874 626 932 quae
641 854 763 929 faciunt
780 875 855 933 quae
870 855 930 915 fort
943 854 1152 929 adulescentia,

431 953 475 1014 Ea
488 975 527 1015 ne
540 975 587 1015 me
603 954 678 1015 celet
692 956 857 1015 consuefeci
872 955 976 1016 filium.

430 1054 576 1134 Numqui
591 1056 711 1116 mentiri
725 1064 778 1116 aut
792 1055 895 1117 fallere
910 1056 1035 1116 insuerit
1050 1064 1174 1135 patrem,

430 1155 583 1217 Fraudare
598 1164 683 1217 tanto
697 1157 791 1236 magis
806 1156 929 1219 audebit
943 1164 1065 1218 ceteros.

431 1256 549 1317 Pudore
564 1265 595 1317 et
608 1256 787 1318 liberalitate
801 1257 910 1317 liberos

430 1356 573 1418 Retinere
587 1359 680 1418 satius
695 1378 758 1419 esse
773 1359 861 1419 oredo
876 1378 966 1437 quam
981 1366 1071 1419 motu.

430 1456 512 1518 Haec
527 1458 614 1518 fratri
628 1479 744 1519 mecum
759 1479 819 1519 non
835 1459 1018 1519 conveniunt
1032 1478 1129 1537 neque
1143 1457 1269 1537 placent.

430 1557 523 1618 Venit
537 1558 575 1619 ad
590 1579 637 1620 me
656 1579 742 1638 saepe
756 1559 886 1620 olamans
903 1559 992 1638 ‘quid
1006 1561 1077 1639 agis,
1094 1559 1205 1619 Miciol

430 1657 491 1719 Cur
505 1660 605 1738 perdis
620 1659 839 1721 adulescentem
855 1660 940 1720 nobis
952 1664 962 1720 l
983 1680 1036 1720 cur
1049 1663 1152 1720 amatl

430 1758 491 1820 Cur
505 1767 591 1839 potat
602 1763 613 1820 l
626 1780 679 1820 eur
693 1770 727 1821 tu
741 1760 788 1820 his
802 1762 892 1821 robus
906 1771 1060 1840 sumptum
1074 1760 1227 1840 suggerisl

430 1859 550 1920 Vestitu
565 1861 658 1920 nimio
672 1860 828 1940 indulges:
850 1861 976 1921 nimium
991 1862 1111 1941 ineptus
1125 1861 1175 1922 es.'

430 1960 565 2021 Nimium
580 1961 673 2040 ipsest
686 1961 779 2021 durus
794 1969 912 2040 praeter
926 1982 1112 2041 aequomque
1126 1969 1157 2022 et
1171 1962 1283 2023 bonum
1297 1986 1303 2023 :

430 2061 470 2122 Et
484 2069 563 2123 errat
577 2061 665 2140 longe
679 2082 746 2122 mea
760 2062 880 2140 quidem
895 2064 1052 2137 sententia,

430 2161 489 2237 Qui
503 2162 663 2242 imperium
677 2162 780 2223 credat
793 2165 914 2243 gravius
929 2184 992 2225 esse
1007 2172 1059 2224 aut
1073 2163 1217 2237 stabilius,

429 2263 469 2323 Vi
484 2263 565 2341 quod
580 2264 622 2338 fit,
634 2285 724 2343 quam
738 2263 813 2324 illud
828 2264 908 2344 quod
923 2265 1055 2325 amicitia
1068 2263 1249 2343 adiungitur.

431 2363 491 2425 Sed
506 2371 589 2424 estne
604 2365 653 2425 hio
667 2365 757 2444 ipsus
774 2365 812 2426 de
839 2386 900 2444 quo
915 2367 1059 2445 agebaml
1079 2372 1110 2426 et
1124 2373 1205 2426 certo
1219 2365 1244 2425 is
1258 2376 1311 2427 est

430 2463 539 2525 Nescio
553 2466 627 2544 quid
641 2466 758 2527 tristem
772 2465 878 2528 video:
899 2466 988 2527 oredo
1003 2468 1070 2540 iam,
1087 2473 1121 2526 ut
1135 2466 1219 2541 solet,

430 2564 574 2644 Iurgabit.

833 3398 966 3459 SOENA
987 3399 1025 3459 ΙΙ.

784 3525 911 3586 Duum.
964 3525 1074 3586 Mroro.

581 3650 702 3712 Salvom
717 3658 748 3712 te
762 3651 912 3726 advenire,
929 3651 1050 3725 Demea,

430 3752 612 3813 Gaudemus.

630 3852 687 3913 DE.
711 3852 806 3913 Ehem
821 3858 1005 3930 opportune:
1027 3852 1170 3930 teipsum
1185 3854 1327 3931 quaerito.
