3630 4942
306 534 337 583 54
719 531 746 580 P.
766 528 918 582 TERENTI
935 530 1091 581 ADELPHI
1399 528 1461 589 [Aur
1474 543 1500 584 v.
1572 579 1575 585 ,

306 682 362 745 Da
407 684 454 744 Tu
468 684 492 744 si
507 703 590 744 meus
605 681 816 744 esses—Su.
839 681 895 743 Dis
910 682 1031 761 quidem
1046 703 1131 757 esses,
1148 682 1269 758 Demea,
1456 709 1506 762 520

407 785 452 845 Ao
467 793 550 846 tuam
564 805 627 845 rem
642 784 867 845 constabilisses.
911 784 969 844 Du.
992 783 1139 864 Exemplo
1154 785 1292 845 omnibus
1515 773 1518 776 Α

407 886 551 947 Curarem
565 892 601 946 ut
615 905 699 946 esses.
745 885 796 947 SY.
820 885 916 960 Quam
930 886 1051 947 obremt
1072 885 1146 964 quid
1159 885 1236 948 fecit
1276 885 1333 946 Du.
1358 885 1477 966 Rogast

406 987 443 1047 In
458 988 522 1066 ipsa
536 988 625 1048 turba
638 994 728 1065 atque
742 987 774 1046 in
788 995 908 1066 peccato
923 1005 1073 1060 maxume,

408 1089 494 1163 Quod
508 1089 561 1148 vix
575 1088 713 1149 sedatum
727 1088 799 1149 satis
814 1095 866 1162 est,
882 1088 1002 1166 potasti,
1020 1087 1122 1162 scelus,

406 1189 498 1264 Quasi
511 1210 544 1251 re
559 1190 634 1251 bene
648 1197 739 1269 gesta.
784 1188 835 1249 ΒΥ.
859 1188 937 1250 Sane
952 1189 1063 1250 nollem
1077 1189 1134 1249 huc
1149 1189 1271 1250 exitum

797 1638 947 1701 SCENA
966 1640 1040 1700 ΙΙ..
1116 1708 1118 1713 ,

673 1792 801 1853 Daouo.
846 1791 961 1854 Sravs.
1004 1791 1129 1854 Dmma

303 1945 363 2008 Da
406 1944 490 2007 Heus
504 1944 587 2024 Syre,
604 1950 691 2024 rogat
705 1951 735 2005 te
750 1943 894 2023 Ctesipho
908 1951 944 2004 ut
957 1944 1069 2005 redeas.
1113 1944 1165 2005 SY.
1189 1943 1257 2004 Abi.

304 2045 361 2108 Du
406 2046 486 2121 Quid
501 2046 714 2125 Ctesiphonem
727 2044 776 2105 hic
792 2047 913 2105 narrati
954 2045 1007 2106 SY.
1030 2044 1091 2105 Nil.
1135 2044 1191 2107 Du
1216 2045 1290 2121 Eho,
1308 2047 1458 2122 aemuler,

404 2147 460 2208 Est
474 2146 617 2226 Ctesipho
632 2147 733 2207 intusl
775 2145 825 2206 ΒΥ.
851 2146 921 2205 Non
936 2153 988 2207 est.
1031 2146 1088 2206 Du.
1112 2145 1174 2207 Cur
1188 2147 1236 2207 hic
1251 2147 1405 2209 nominatl

305 2247 357 2310 SY.
401 2248 456 2308 Est
470 2248 545 2308 alius
560 2246 690 2326 quidam,
708 2247 900 2324 parasitaster
914 2247 1070 2326 paululus:

406 2349 536 2410 Nostinl
564 2348 622 2408 Du.
646 2348 710 2408 Iam
733 2349 820 2408 scibo.
853 2346 906 2408 SY.
928 2347 1009 2423 Quid
1031 2348 1114 2428 agisl
1142 2369 1202 2428 quo
1224 2349 1306 2412 abisl
1332 2350 1389 2411 Du.
1413 2351 1507 2413 Mitte

756 2469 812 2509 1110·
1459 2479 1508 2531 530

305 2549 357 2612 ΒΥ.
402 2550 474 2612 Noli
488 2551 618 2639 inquam.
662 2549 719 2609 Du.
744 2549 814 2610 Non
828 2570 950 2610 manum
965 2550 1103 2626 abstines,
1121 2552 1278 2633 mastigia?

405 2650 456 2711 An
470 2651 527 2712 tibi
541 2651 600 2710 iam
614 2651 709 2710 mavis
725 2651 879 2712 cerebrum
892 2651 1062 2731 dispergam
1077 2652 1145 2713 hicl
1186 2653 1237 2714 SY.
1261 2653 1344 2728 Abit,

405 2751 521 2831 Edepol
536 2752 788 2812 commissatorem
802 2752 883 2813 haud
898 2773 968 2813 sane
984 2753 1180 2828 commodum,

406 2853 587 2914 Praesertim
602 2852 784 2932 Ctesiphoni.
809 2854 882 2932 quid
897 2874 952 2933 ego
965 2874 1045 2914 nunc
1062 2859 1168 2933 agaml

407 2953 481 3028 Nisi,
499 2954 572 3014 dum
586 2954 642 3015 hae
657 2953 800 3015 silescunt
813 2955 927 3029 turbae,
943 2954 1058 3015 interea
1072 2956 1103 3015 in
1119 2956 1261 3035 angulum
1340 3022 1345 3033 ,

407 3054 519 3134 Aliquo
536 3056 641 3116 abeam
655 3062 746 3134 atque
761 3055 955 3116 edormiscam
969 3056 1025 3116 hoc
1040 3056 1113 3118 villi.
1136 3057 1177 3118 sic
1191 3079 1285 3137 agam.
