3630 4942
305 532 336 579 12
719 530 748 581 P.
767 530 917 582 TERENTI
936 529 1092 582 ADELPHI
1403 530 1465 592 [Aer
1479 546 1510 582 11.

406 682 488 744 Dum
501 683 571 743 huie
586 683 756 762 obsequere.
767 691 929 776 'praeterea
943 691 1044 745 autem
1059 692 1089 745 te
1104 683 1189 743 aiunt
1203 682 1349 763 proficisci
1364 682 1507 763 Cyprum,

760 783 812 844 SA.
830 783 916 845 Hem.

304 883 356 945 Su.
401 885 542 945 coemisse
551 884 620 945 hine
630 904 706 964 quae
715 884 785 945 illue
796 884 919 946 veheres
928 886 1031 959 multa,
1042 904 1150 946 navem
1159 884 1351 946 conductam:
1372 884 1428 946 hee
1437 885 1506 960 acio,

405 984 533 1045 Animus
548 985 603 1045 tibi
618 985 737 1064 pendae
761 985 814 1047 ubi
827 985 910 1046 illine
924 1006 1011 1065 spero
1026 985 1149 1047 redieris
1162 992 1265 1047 tamen
1278 985 1335 1046 hoc
1350 1006 1425 1065 agea

304 1084 355 1146 SA.
399 1085 556 1164 Nusquam
570 1086 683 1165 pedam.
708 1086 782 1165 perii
797 1086 913 1148 hercle:
937 1088 991 1147 hae
1006 1086 1050 1147 illi
1064 1106 1115 1166 spe
1129 1083 1186 1148 hee
1200 1087 1382 1168 inceperunt⁴

405 1186 455 1247 SY.
474 1187 587 1247 Timet:

404 1287 550 1348 Labascit„
566 1307 660 1348 uuum
675 1287 730 1348 hoe
744 1287 859 1349 habeo:
880 1288 950 1349 vida
965 1289 989 1348 si
1005 1289 1077 1348 satia
1092 1289 1209 1368 plaeet:

404 1388 509 1448 Potius
524 1408 614 1466 quam
629 1389 731 1448 venias
746 1389 777 1448 in
792 1389 945 1468 periclum,
962 1388 1082 1464 Sannio,

404 1488 549 1549 Servesne
564 1509 602 1549 an
617 1488 723 1568 perdar
738 1496 844 1564 tetum,
862 1489 1018 1551 dividuam
1032 1491 1102 1551 face.

404 1590 504 1649 Minas
518 1589 621 1651 decem
636 1589 778 1651 conradet
792 1590 936 1651 alicunde.
981 1591 1032 1652 SA.
1056 1591 1093 1651 Ei
1107 1591 1190 1666 mihi,

403 1690 504 1750 Etiam
519 1691 556 1751 de
570 1698 650 1751 sorte
664 1711 744 1752 nune
759 1692 847 1752 venio
862 1691 1034 1752 indubium
1043 1693 1153 1753 miser?

404 1791 504 1851 Pudet
517 1791 580 1852 nilr
601 1811 703 1852 omnes
718 1792 823 1853 dentes
837 1792 976 1853 labefecit
990 1793 1082 1854 mihi:

402 1891 502 1952 Etiam
516 1893 638 1970 insuper
652 1892 814 1954 defrudea?
834 1913 983 1972 nusquam
996 1895 1078 1955 abae.
1122 1893 1176 1955 SY.
1191 1893 1235 1954 Vt
1248 1893 1352 1955 lubet:

402 1992 559 2071 Numquid
573 1993 618 2053 via
632 1994 707 2071 quin
722 1994 845 2055 abeamr
865 1993 916 2056 SA.
933 1994 1031 2055 Immo
1045 1994 1144 2055 hercle
1157 1995 1213 2056 hoe
1228 2015 1346 2074 quaese,
1363 1993 1446 2072 Syre,

401 2093 445 2153 Va
458 2101 495 2152 ut
508 2094 581 2153 haee
595 2102 666 2153 sunt
680 2101 753 2168 acta
771 2095 871 2173 potius
886 2115 976 2173 quam
991 2095 1059 2157 lites
1074 2115 1188 2174 sequar,

401 2193 505 2254 Meum
519 2194 594 2253 mihi
608 2194 759 2269 reddatur,
776 2195 882 2256 saltem
897 2197 1001 2275 quanti
1017 2203 1154 2275 emptast,
1172 2196 1255 2275 Syre.

403 2293 470 2354 Seio
484 2303 515 2355 te
529 2314 590 2354 non
605 2315 692 2356 usum
707 2297 833 2356 antehae
847 2297 979 2357 amicitia
992 2317 1076 2358 mea:

401 2394 567 2456 Memorem
581 2416 630 2456 ma
644 2395 723 2457 diaes
738 2417 800 2458 asse
816 2405 847 2458 et
860 2405 988 2477 gratum.
1034 2397 1086 2459 SY.
1110 2396 1221 2460 Sedulo

400 2495 527 2556 Faciam.
545 2496 597 2557 sed
612 2496 826 2577 Ctesiphonem
840 2498 946 2559 video:
967 2498 1064 2560 laetus
1079 2506 1125 2560 eat
1317 2570 1320 2575 .

402 2595 449 2657 De
464 2597 564 2658 amica
610 2597 661 2658 SA.
685 2597 766 2673 Quid
780 2600 861 2677 quod
876 2607 907 2660 te
922 2603 994 2661 oro?
1035 2599 1087 2662 SY.
1111 2600 1269 2680 Paulisper
1282 2620 1378 2662 mana.
1455 2627 1503 2666 120
