3630 4942
664 122 691 172 P.
712 121 863 174 TERENTI
881 121 1037 173 ADELPHI
1348 119 1410 182 [nor
1424 135 1451 172 v.

350 274 415 336 Sibi
429 274 525 336 vixit:
546 274 604 335 sibi
619 283 772 355 sumptum
786 275 858 336 fecit
870 298 878 351 3
900 295 1003 336 omnes
1017 277 1093 337 bene
1108 275 1220 351 dicunt,
1238 283 1347 336 amant.

349 376 414 456 Ego
428 376 479 436 ille
493 377 626 456 agrestis,
643 397 755 452 saevos,
772 377 876 451 tristis,
892 397 1006 456 parcus,
1022 377 1217 453 truculentus,
1234 385 1327 438 tenax

350 476 434 537 Duxi
450 497 590 539 uxorem:
613 498 703 557 quam
717 478 759 538 ibi
773 478 923 538 miseriam
938 478 1019 540 vidi!
1040 479 1104 538 nati
1119 479 1180 553 filii,

350 577 420 639 Adia
434 600 521 640 cura:
543 579 612 640 heia
625 588 733 655 autem,
750 580 823 640 dum
837 580 944 641 studeo
959 580 1018 640 illis
1033 588 1172 659 utquam
1186 579 1351 659 plurimum

350 681 499 756 Facerem,
517 681 644 742 contrivi
658 681 691 741 in
705 681 879 760 quaerundo
894 681 988 742 vitam
1002 688 1093 761 atque
1108 689 1237 742 aetatem
1252 701 1367 743 meam:
1402 697 1453 746 610

351 782 440 842 Nunc
455 789 560 843 exacta
574 789 672 844 aetate
687 783 743 843 hoc
757 783 847 845 fructi
862 804 916 863 pro
930 783 1031 844 labore
1046 784 1084 844 ab
1099 783 1141 844 eis
1155 783 1227 858 fere,

352 882 481 944 Odium:
502 883 552 943 ilie
568 884 643 944 alter
657 885 721 944 sine
735 884 837 945 labore
852 886 950 964 patria
964 887 1079 964 potitur
1095 885 1257 946 commoda.

351 983 441 1043 Illum
456 993 566 1059 amant,
583 1005 631 1046 me
645 986 795 1065 fugitant:
817 986 862 1045 illi
877 987 1003 1047 credunt
1017 986 1139 1047 consilia
1154 987 1261 1061 omnia,

352 1085 442 1145 Illum
457 1085 595 1165 diligunt,
612 1086 692 1166 apud
707 1087 793 1147 illum
807 1094 878 1148 sunt
893 1088 989 1162 ambo,
1006 1107 1061 1166 ego
1075 1088 1211 1148 desertus
1226 1108 1309 1148 sum:

352 1186 443 1247 Illum
459 1194 493 1247 ut
507 1189 590 1248 vivat
604 1195 718 1267 optant,
736 1209 833 1249 meam
848 1196 949 1250 autem
963 1196 1090 1249 mortem
1105 1197 1266 1268 expectant
1280 1189 1398 1250 scilicet

353 1287 401 1348 Ita
416 1309 465 1348 eos
479 1309 546 1350 meo
560 1288 661 1350 labore
676 1289 799 1351 eductos
813 1310 954 1350 maxumo
969 1291 1017 1351 hic
1031 1291 1104 1351 fecit
1118 1311 1187 1351 suos

352 1389 448 1450 Paulo
462 1398 603 1469 sumptu:
624 1392 775 1452 miseriam
789 1412 907 1452 omnem
922 1412 977 1471 ego
992 1393 1084 1471 sapic,
1100 1391 1149 1451 hic
1163 1392 1279 1471 potitur
1292 1390 1409 1471 gaudia

352 1489 420 1570 Age
435 1512 488 1570 age
502 1492 641 1552 nunciam
656 1494 845 1572 experiamur
859 1501 969 1568 contra
987 1493 1094 1572 ecquid
1108 1513 1162 1571 ego
1176 1493 1306 1572 possiem

353 1592 468 1653 Blande
483 1593 580 1654 dicere
595 1602 648 1655 aut
662 1595 789 1674 benigne
804 1595 908 1670 facere,
925 1595 1046 1674 quando
1060 1595 1116 1655 hoc
1133 1602 1283 1673 provocat.

354 1693 418 1772 Ego
432 1715 551 1773 quoque
566 1716 583 1755 a
597 1696 670 1756 meis
685 1717 732 1757 me
746 1697 839 1756 amari
854 1705 885 1757 et
899 1697 1000 1776 magni
1013 1696 1104 1776 pendi
1120 1697 1239 1775 postulo
1405 1710 1456 1760 620

354 1796 386 1855 Si
401 1796 433 1856 id
447 1797 482 1856 fit
497 1797 596 1857 dando
610 1805 700 1876 atque
715 1798 914 1876 obsequendo,
930 1819 992 1858 non
1006 1799 1184 1877 posteriores
1198 1798 1301 1858 feram.

354 1896 476 1958 Deerit:
498 1898 530 1958 id
544 1918 610 1958 mea
624 1899 756 1960 minume
771 1900 884 1974 refert,
901 1901 953 1978 qui
968 1920 1033 1960 sum
1047 1906 1121 1959 natu
1136 1919 1301 1960 maxumus.

752 3087 903 3162 souN‘A
924 3101 960 3162 V.

712 3252 826 3314 anvs.
870 3253 996 3315 Duum.

259 3407 310 3468 SY.
360 3405 444 3466 Heus
459 3375 581 3479 Demea,
598 3411 666 3464 orat
679 3404 773 3464 frater
786 3425 824 3466 nc
839 3406 928 3466 abeas
941 3405 1067 3486 longius.

259 3508 316 3569 Du.
362 3507 435 3581 Quis
450 3507 559 3568 homot
600 3504 717 3583 OSyre
732 3513 841 3581 noster,
858 3506 957 3569 salve:
978 3508 1052 3586 quid
1066 3508 1120 3570 fit't
1141 3509 1216 3587 quid
1229 3509 1348 3589 agiturt
