3630 4942
306 501 336 547 18
706 498 734 546 Ρ.
755 496 905 547 TERENTI
924 497 1078 547 ADELPHI
1392 495 1454 554 [aer
1466 510 1508 546 111.

307 651 362 711 On.
406 650 431 709 E
445 670 478 710 re
493 656 564 709 nata
578 649 684 709 melius
699 650 763 710 fieri
777 649 858 710 haud
874 650 973 728 potuit
987 670 1077 726 quam
1099 649 1249 721 factumst,
1267 669 1324 722 era,

339 737 341 743 ¹
408 750 535 826 Quando
550 759 645 831 nupta
658 751 719 811 iam
733 752 780 825 sit,
797 752 877 830 quod
892 751 930 811 ad
945 750 1030 810 illum
1044 751 1155 811 attinet
1168 751 1374 828 potissumum,

409 852 520 926 Talem,
537 852 591 913 tali
606 852 726 932 ingenio
741 859 833 931 atque
848 853 954 926 animo,
971 859 1078 912 natum
1092 872 1130 912 ex
1144 859 1230 912 tanta
1244 851 1365 912 familia.

308 954 357 1015 So
409 953 457 1014 Ita
472 953 522 1032 pol
536 962 582 1014 est
596 961 631 1013 ut
644 954 735 1014 dicis:
758 954 855 1014 salvos
869 954 955 1014 nobis
970 954 1040 1014 deos
1056 974 1165 1033 quaeso
1179 961 1214 1013 ut
1228 954 1291 1014 siet.

801 1456 951 1517 soENA
973 1457 1011 1516 ΙΙ.

610 1583 708 1642 Gurn.
753 1581 923 1642 scsrmm.
968 1583 1156 1643 0111111111.

310 1709 366 1769 GE.
410 1710 440 1769 N
442 1730 499 1770 unc
513 1709 589 1769 illud
604 1717 657 1784 est,
674 1730 750 1783 cum,
768 1710 792 1768 si
807 1710 908 1769 omnia
922 1730 1024 1770 omnes
1039 1731 1092 1770 sua
1106 1709 1228 1769 consilia
1243 1710 1398 1770 conferant

410 1811 513 1891 Atque
527 1812 597 1871 huic
610 1812 689 1871 malo
704 1810 832 1870 salutem
846 1818 999 1889 quaerant,
1016 1811 1109 1871 auxili
1123 1811 1166 1870 nil
1182 1811 1327 1885 adierant,

412 1913 499 1987 Quod
513 1913 647 1991 mihique
663 1933 788 1991 eraeque
803 1912 943 1991 filiaeque
958 1911 1059 1972 erilist.
1077 1933 1132 1972 vae
1146 1913 1254 1972 misero
1268 1913 1359 1972 mihi:

412 2014 528 2074 Hocine
560 2015 707 2075 saeclum!
743 2035 761 2074 o
790 2013 908 2088 seelera,
941 2035 958 2073 o
986 2034 1096 2092 genera
1127 2013 1275 2093 sacrilega,
1307 2035 1324 2074 o
1360 2012 1511 2073 hominem

764 2115 898 2192 impium,

312 2218 361 2278 So
416 2217 468 2276 Me
500 2217 647 2290 miseram,
674 2215 847 2294 quidnamst
878 2215 960 2293 quod
991 2217 1032 2275 sic
1060 2216 1148 2276 video
1180 2215 1320 2275 timidum
1351 2223 1382 2276 et
1410 2235 1515 2294 prope-

765 2324 881 2377 rantem
896 2316 1024 2376 Getaml
1467 2332 1514 2380 160

312 2420 370 2480 Gn.
414 2439 503 2498 quem
514 2438 610 2497 neque
625 2418 699 2478 fides
714 2438 811 2496 neque
825 2419 871 2477 ius
886 2419 1045 2478 iurandum
1060 2438 1158 2495 neque
1172 2418 1257 2477 illum
1273 2417 1473 2478 misericordia

414 2519 568 2599 Repressit
579 2540 675 2598 neque
685 2520 803 2579 reflexit
813 2539 910 2598 neque
923 2519 996 2597 quid
1007 2521 1066 2579 iam
1078 2519 1178 2598 pudet.
1203 2519 1252 2579 Sc.
1270 2519 1360 2578 Haud
1372 2519 1515 2597 intellego

415 2621 495 2682 Satis
516 2641 593 2699 quae
613 2621 761 2699 loquatur.
807 2620 861 2680 On.
885 2621 1012 2700 Propius
1034 2621 1155 2681 obsecro
1171 2621 1352 2694 accedamus
1370 2620 1512 2680 Sostrata

766 2721 821 2781 Gn.
846 2721 897 2782 Ah

415 2824 468 2884 Me
482 2824 632 2897 miserum,
649 2824 701 2882 vix
716 2843 782 2883 sum
798 2843 917 2900 compos
933 2823 1032 2897 animi,
1050 2824 1093 2883 ita
1107 2823 1197 2883 ardeo
1212 2823 1372 2883 iracundia.

416 2924 469 2986 Nil
484 2932 530 2986 est
544 2925 625 3003 quod
636 2925 738 2984 malim
753 2945 842 3004 quam
856 2924 939 2984 illam
953 2931 1048 2985 totam
1066 2925 1210 2984 familiam
1224 2925 1289 2984 dari
1301 2925 1342 2983 mi
1357 2924 1484 2996 obviam,

418 3027 489 3087 Seni
502 3027 632 3086 animam
646 3026 776 3104 primum
791 3026 998 3105 extinguerem
1012 3027 1077 3104 ipsi,
1095 3026 1145 3107 qui
1160 3025 1236 3085 illud
1250 3026 1396 3104 produxit
1410 3024 1517 3085 scelus:

418 3129 496 3188 Tum
507 3135 608 3188 autem
620 3127 729 3206 Syrum
740 3127 930 3207 inpulsorem,
944 3127 1010 3202 vah,
1025 3128 1133 3206 quibus
1144 3127 1230 3187 illum
1238 3127 1398 3187 lacerarem
1407 3127 1518 3186 modis!

418 3228 615 3290 Adulescenti
626 3229 683 3307 ipsi
694 3229 840 3309 eriperem
855 3229 962 3302 oculos,
980 3227 1135 3307 posthaec
1152 3228 1346 3307 praecipitem
1361 3228 1471 3288 darem.

420 3331 542 3392 Ceteros
557 3351 675 3392 ruerem
689 3350 807 3410 agerem
822 3350 957 3409 raperem
973 3329 1131 3390 tunderem
1147 3337 1177 3390 et
1191 3337 1417 3408 prosternerem.

420 3432 480 3494 Sed
505 3452 586 3494 cesso
611 3453 691 3494 eram
716 3432 772 3493 hoo
794 3432 874 3492 malo
897 3432 1046 3511 ,impertiri
1071 3435 1211 3511 properet
1250 3430 1300 3491 Sc.
1323 3431 1517 3491 Revocemus.

772 3533 857 3594 Geta
1474 3559 1522 3609 170
