3630 4942
845 535 873 584 r.
893 500 1044 590 reanum
1062 533 1217 585 nnnnrnr
1517 495 1580 589 [aar
1595 545 1633 582 ιν.

912 935 1062 998 SOENA
1083 935 1150 996 VII.

893 1087 1003 1149 Mrem.
1046 1086 1173 1148 Druna

434 1243 488 1303 ΜΙ.
533 1243 597 1316 Ibo,
613 1241 673 1301 illis
687 1241 784 1300 dicam
798 1239 911 1300 nullam
926 1260 989 1300 esse
1003 1240 1035 1299 in
1049 1240 1136 1300 nobis
1150 1259 1272 1299 meram.

433 1344 491 1404 ΒΕ
536 1343 596 1403 Sed
611 1362 711 1402 eccum
726 1342 840 1421 ipsum:
863 1349 894 1402 te
908 1341 969 1401 iam
983 1340 1098 1400 dudum
1113 1361 1231 1420 quaero,
1248 1340 1348 1401 Micio.

434 1444 488 1504 ΜΙ.
534 1443 614 1518 Quid
628 1445 718 1503 namt
757 1442 816 1502 ΒΕ.
839 1442 915 1503 Fere
930 1442 988 1502 alia
1002 1442 1115 1522 flagitia
1130 1441 1167 1502 ad
1181 1449 1212 1502 te
1226 1442 1360 1520 ingentia

534 1544 612 1605 Boni
626 1543 706 1604 illius
721 1543 924 1604 adulescentis.
970 1542 1025 1604 Ml.
1049 1542 1124 1603 Ecce
1139 1551 1247 1604 autem.
1291 1543 1350 1603 ΒΕ.
1373 1543 1468 1618 Nova,

535 1645 690 1725 Capitalia.
734 1645 788 1705 ML
813 1644 878 1705 Ohe
893 1645 959 1705 iam.
1004 1644 1061 1705 ΒΕ
1086 1644 1191 1705 Nescis
1206 1644 1258 1723 qui
1275 1644 1322 1706 vir
1336 1645 1382 1706 sit
1427 1643 1483 1704 Ml.
1507 1643 1582 1705 Scia

434 1747 491 1807 ΒΕ.
536 1746 562 1807 Ο
577 1747 677 1821 stulte,
695 1745 781 1806 tude
795 1745 919 1825 psaltria
933 1766 981 1806 me
995 1746 1125 1806 somnias

535 1848 652 1927 Agere:
674 1847 729 1908 hoe
744 1855 899 1926 peccatum
914 1847 945 1907 in
960 1847 1137 1926 virginemst
1151 1848 1254 1907 civem.
1298 1848 1354 1907 ΜΙ.
1378 1847 1453 1908 Scia
1587 1861 1639 1924 480

434 1949 492 2009 ΒΕ
537 1949 611 2024 Oh0,
629 1948 684 2008 scis
699 1956 730 2008 et
744 1951 866 2027 pateret
906 1948 962 2009 Ml.
986 1946 1066 2022 Quid
1080 1948 1112 2007 ni
1126 1948 1243 2026 patiar?
1282 1948 1339 2008 ΒΕ.
1363 1948 1420 2009 Dic
1435 1943 1516 2022 mihi,

536 2050 606 2110 Non
621 2049 750 2110 clamas?
770 2069 831 2110 non
845 2049 976 2110 insaniet
1017 2048 1072 2109 ΜΙ.
1096 2048 1183 2110 Non:
1206 2049 1307 2109 malim
1323 2049 1484 2129 quidem-

434 2151 493 2212 ΒΕ.
536 2151 616 2212 Puer
629 2157 739 2211 natust.
784 2150 838 2210 Mr.
863 2150 904 2210 Di
918 2151 994 2210 bene
1009 2157 1137 2210 vertent.
1182 2150 1240 2210 ΒΕ.
1263 2149 1358 2231 Virgo
1373 2151 1416 2210 nil
1430 2151 1529 2211 habet.

435 2252 490 2312 ΜΙ.
534 2251 655 2312 Audivi.
700 2251 756 2312 ΒΕ
780 2251 821 2311 Et
835 2251 924 2312 duxit
938 2251 1112 2311 indotatam.
1156 2251 1211 2311 ΜΙ.
1236 2250 1361 2312 Scilicet

434 2353 493 2413 ΒΕ.
537 2352 616 2427 Quid
631 2372 709 2412 nunc
724 2353 908 2414 futurumst?
936 2345 1004 2411 Ml.
1028 2352 1064 2412 Id
1079 2353 1159 2412 enirn
1174 2353 1254 2430 quod
1269 2373 1316 2412 res
1330 2354 1394 2432 ipsa
1408 2354 1485 2414 fert:

536 2453 623 2514 Illinc
638 2453 696 2513 huc
711 2454 908 2514 transferetur
921 2453 1014 2532 virgo.
1059 2452 1116 2512 ΒΕ.
1141 2452 1167 2513 Ο
1183 2453 1326 2532 Iuppiter,

536 2554 666 2615 Istocine
680 2562 767 2632 pacto
782 2558 920 2633 oportett
961 2554 1015 2614 Ml.
1040 2552 1120 2628 Quid
1135 2554 1240 2613 faciam
1256 2555 1403 2634 amplius?

435 2655 494 2716 ΒΕ.
538 2655 618 2729 Quid
633 2656 742 2716 faciest
763 2656 787 2715 si
801 2675 862 2715 non
877 2656 942 2733 ipsa
955 2676 987 2715 re
1003 2655 1059 2714 tibi
1072 2655 1150 2715 istuc
1165 2655 1255 2729 dolet,

537 2755 684 2817 Simulare
699 2763 778 2816 certe
792 2763 838 2816 est
852 2756 988 2816 hominis.
1033 2757 1088 2815 M1.
1112 2755 1193 2830 Quin
1206 2756 1267 2816 iam
1281 2756 1429 2835 virginem

537 2857 679 2917 Adduxi:
702 2857 798 2917 factae
811 2857 872 2917 iam
886 2857 970 2917 fuere
984 2858 1115 2936 nuptiae.
1589 2887 1640 2936 490

537 2958 662 3037 Dempsi
676 2965 791 3018 metum
806 2978 942 3019 omnem:
958 2958 1030 3018 haec
1045 2958 1139 3036 magis
1154 2965 1225 3018 sunt
1239 2958 1376 3017 hominis.
1420 2958 1478 3019 ΒΕ.
1496 2958 1641 3020 Ceterum

538 3059 642 3119 Placet
655 3059 711 3118 tibi
725 3059 846 3134 facturn,
863 3058 974 3120 Miciot
1014 3059 1069 3118 Ml.
1093 3059 1171 3133 Non,
1189 3059 1214 3118 si
1228 3079 1336 3137 queam

538 3161 664 3220 Mutare.
682 3181 762 3220 nunc
777 3181 845 3220 cum
859 3181 920 3220 non
935 3180 1020 3239 quau,
1037 3159 1136 3219 anime
1152 3180 1247 3238 aequo
1261 3161 1333 3220 fere.

539 3261 587 3321 Ita
600 3262 693 3321 vitast
707 3261 871 3336 hominum,
888 3263 973 3340 quasi
988 3281 1056 3321 cum
1070 3260 1155 3321 ludas
1170 3262 1297 3335 tesseris

539 3361 571 3422 Si
585 3361 661 3421 illud
676 3361 757 3440 qued
772 3383 912 3423 maxume
927 3382 1001 3440 epus
1016 3370 1062 3422 est
1076 3362 1156 3422 iactu
1170 3381 1231 3422 non
1246 3361 1333 3437 cadit,

538 3462 618 3523 Illud
633 3462 714 3541 quod
729 3463 837 3523 cecidit
850 3464 937 3537 ferte,
953 3463 985 3523 id
1000 3471 1064 3523 arte
1078 3471 1114 3523 ut
1128 3463 1265 3542 corrigas.

437 3564 495 3624 ΒΕ.
539 3563 713 3625 Corrector:
735 3584 842 3644 nempe
858 3571 911 3624 tua
925 3575 988 3624 arte
1003 3565 1111 3644 viginti
1125 3565 1223 3624 minae
