3630 4942
296 561 327 608 26
721 559 748 608 Ρ.
769 558 919 609 TERENTI
937 557 1092 608 ADELPHI
1388 557 1449 617 [aar
1463 571 1504 608 111.

404 711 497 772 Modo
511 719 547 771 ut
561 732 640 772 nunc
655 719 708 785 est,
725 731 842 790 quaeso.
887 711 938 771 ΒΥ.
962 687 1005 771 Vt
1017 711 1142 789 quisque
1157 731 1242 771 suom
1256 710 1321 771 volt
1335 731 1406 786 esse,
1423 712 1501 771 itast,

304 814 361 873 DE.
407 812 487 887 Quid
502 816 590 873 euml
610 812 735 873 vidistin
749 812 858 873 hodiel
899 812 950 872 SY.
975 813 1111 872 Tuomne
1126 812 1242 872 filium?

405 912 533 993 Abigam
548 914 627 974 huuc
642 934 700 974 rus.
717 915 777 974 iam
792 913 908 974 dudum
922 913 1036 991 aliquid
1047 914 1109 972 ruri
1124 934 1211 993 agere
1227 914 1363 974 arbitror.

304 1016 362 1075 Du.
407 1015 492 1075 Satin
502 1016 558 1074 scis
567 1015 697 1076 ibicssel
717 1015 769 1075 ΒΥ.
787 1015 843 1089 Oh,
851 1016 903 1092 qui
913 1015 1172 1093 egometproduxi.
1196 1014 1254 1073 Du.
1272 1015 1445 1095 Optumcst:
1458 1043 1507 1091 240

405 1117 503 1176 Metui
518 1137 555 1176 ne
567 1116 703 1177 haereret
718 1117 773 1177 hic.
818 1115 868 1176 ΒΥ.
893 1115 996 1193 Atque
1010 1117 1120 1175 iratum
1133 1115 1301 1176 admodum.

304 1218 361 1281 DE.
405 1217 484 1292 Quid
499 1221 619 1278 auteml
660 1216 712 1277 ΒΥ.
741 1216 875 1276 Adortus
889 1217 1016 1296 iurgiost
1030 1217 1154 1277 fratrem
1169 1216 1249 1296 apud
1263 1218 1361 1277 iorum

406 1318 452 1378 De
467 1318 592 1396 psaltria
605 1318 687 1378 istac.
723 1318 774 1377 Du
809 1317 870 1377 Ain
884 1322 977 1378 vero?
1018 1318 1070 1378 ΒΥ.
1094 1317 1152 1392 Ah,
1166 1319 1209 1377 nil
1224 1319 1351 1379 reticuit.

406 1419 485 1479 Nam
500 1427 534 1479 ut
546 1420 759 1479 numerabatur
773 1419 851 1479 forte
865 1426 1031 1497 argentum,
1047 1420 1211 1479 intervenit

405 1519 505 1581 Homo
520 1521 557 1581 dc
572 1521 741 1598 inproviso:
763 1521 861 1599 coepit
875 1520 1002 1580 clamare
1019 1520 1061 1580 ‘0
1076 1520 1232 1595 Aeschine,

407 1621 539 1682 Haecine
553 1622 667 1700 flagitia
681 1621 778 1682 facere
793 1627 840 1682 te!
862 1622 935 1681 haec
948 1629 980 1681 tc
995 1621 1154 1682 admittere

407 1722 535 1802 Indigna
546 1742 654 1801 genere
668 1730 771 1782 nostro
783 1722 804 1782 l'
846 1722 904 1782 DE.
928 1722 984 1796 Oh,
998 1723 1129 1783 lacrumo
1144 1723 1260 1801 gaudio.

285 1827 288 1834 ’
307 1825 359 1885 ΒΥ.
411 1824 496 1884 ‘Nou
511 1831 546 1884 tu
560 1824 616 1884 hoc
630 1832 786 1902 argentum
801 1825 909 1902 perdis,
927 1823 979 1883 sed
994 1825 1089 1884 vitam
1103 1824 1205 1883 tuam)

305 1926 363 1985 Du.
408 1924 512 1985 Salvos
527 1926 584 1985 sit:
606 1946 701 2003 spero,
717 1932 763 1985 est
777 1925 882 1984 similis
896 1924 1042 1984 maiorum
1057 1945 1151 1984 suum.
1197 1924 1249 1985 ΒΥ.
1274 1925 1344 1985 Hui.

305 2027 363 2087 ΒΥ.
408 2026 491 2104 Syre,
509 2033 736 2104 praeceptorum
750 2026 872 2104 plenust
885 2027 1013 2086 istorum
1026 2025 1084 2085 ille.
1129 2025 1180 2086 SY.
1205 2026 1289 2104 Phy:
1457 2053 1507 2106 250

406 2127 497 2188 Domi
512 2126 617 2187 habuit
631 2128 711 2188 unde
726 2128 861 2187 disceret.
904 2127 962 2185 Dn.
986 2127 1037 2187 Fit
1051 2126 1154 2186 sedulo
1169 2152 1174 2187 :

407 2228 459 2288 Nil
473 2229 698 2307 praetermitto:
721 2227 925 2288 consuefacio:
947 2226 1076 2305 denique

408 2329 556 2408 Inspicere
571 2336 724 2407 tamquam
738 2329 770 2388 in
785 2328 938 2407 speculum
952 2329 984 2388 in
998 2328 1076 2389 vitas
1091 2330 1225 2389 omnium

408 2430 500 2491 Iubeo
514 2437 604 2509 atque
619 2450 657 2491 ex
672 2430 736 2490 aliis
751 2450 868 2491 sumere
883 2430 1053 2509 exemplum
1068 2431 1132 2490 sibi.

409 2531 492 2592 ‘Hoc
506 2531 616 2591 facita'
658 2531 709 2591 SY.
734 2532 916 2593 Rectesane.
960 2532 1017 2592 Dia
1044 2531 1127 2592 ‘Hoc
1138 2533 1253 2612 fugito!
1296 2532 1348 2593 ΒΥ.
1372 2532 1494 2593 Callida.

305 2633 363 2692 Du.
409 2632 491 2693 ‘Hoc
506 2632 635 2693 laudist!
677 2632 728 2692 ΒΥ.
753 2632 849 2693 Istaec
863 2653 910 2694 res
924 2640 976 2694 est
1021 2633 1077 2693 DE.
1105 2633 1188 2694 ‘Hoc
1203 2635 1277 2694 vitio
1292 2632 1399 2694 datur.'

307 2733 358 2793 ΒΥ.
405 2734 602 2794 Probissume.
646 2734 703 2794 Du.
728 2735 821 2794 Porro
836 2741 944 2795 autem.
969 2781 975 2794 .
1004 2781 1010 2794 .
1035 2734 1086 2794 ΒΥ.
1112 2735 1182 2796 Non
1199 2735 1298 2796 hercle
1316 2737 1444 2796 otiumst

408 2834 496 2894 Nunc
511 2835 552 2894 mi
567 2835 761 2896 auscultandi.
785 2837 880 2915 pisces
894 2857 932 2896 ex
946 2837 1097 2897 sententia
