<?xml version="1.0" encoding="UTF-8"?>
<!DOCTYPE html PUBLIC "-//W3C//DTD XHTML 1.0 Transitional//EN"
    "http://www.w3.org/TR/xhtml1/DTD/xhtml1-transitional.dtd">
<html xmlns="http://www.w3.org/1999/xhtml" xml:lang="en" lang="en">
 <head>
  <title>
</title>
<meta http-equiv="Content-Type" content="text/html;charset=utf-8" />
  <meta name='ocr-system' content='tesseract 3.04.00' />
  <meta name='ocr-capabilities' content='ocr_page ocr_carea ocr_par ocr_line ocrx_word'/>
</head>
<body>
  <div class='ocr_page' id='page_1' title='image "adelphiterencea00colmgoog_0023.png"; bbox 0 0 3630 4942; ppageno 0'>
   <div class='ocr_carea' id='block_1_1' title="bbox 738 533 1523 594">
    <p class='ocr_par' dir='ltr' id='par_1_1' title="bbox 738 533 1523 594">
     <span class='ocr_line' id='line_1_1' title="bbox 738 533 1523 594; baseline -0.001 -8"><span class='ocrx_word' id='word_1_1' title='bbox 738 536 766 586; x_wconf 90' lang='lat' dir='ltr'>P.</span> <span class='ocrx_word' id='word_1_2' title='bbox 786 535 937 588; x_wconf 78' lang='lat' dir='ltr'>TERENTI</span> <span class='ocrx_word' id='word_1_3' title='bbox 955 534 1110 586; x_wconf 83' lang='lat' dir='ltr'>ADELPHI</span> <span class='ocrx_word' id='word_1_4' title='bbox 1417 533 1479 594; x_wconf 70' lang='lat' dir='ltr'>[eor</span> <span class='ocrx_word' id='word_1_5' title='bbox 1493 548 1523 585; x_wconf 83' lang='lat'>11.</span> 
     </span>
    </p>
   </div>
   <div class='ocr_carea' id='block_1_2' title="bbox 699 837 1151 931">
    <p class='ocr_par' dir='ltr' id='par_1_2' title="bbox 699 837 1151 931">
     <span class='ocr_line' id='line_1_2' title="bbox 699 837 1151 931; baseline -0.002 -30"><span class='ocrx_word' id='word_1_6' title='bbox 699 839 849 901; x_wconf 83' lang='lat' dir='ltr'>AOTVS</span> <span class='ocrx_word' id='word_1_7' title='bbox 871 837 1106 931; x_wconf 82' lang='lat' dir='ltr'>IL—SOENA</span> <span class='ocrx_word' id='word_1_8' title='bbox 1128 839 1151 900; x_wconf 89' lang='grc' dir='ltr'>Ι.</span> 
     </span>
    </p>
   </div>
   <div class='ocr_carea' id='block_1_3' title="bbox 776 1040 1068 1102">
    <p class='ocr_par' dir='ltr' id='par_1_3' title="bbox 776 1040 1068 1102">
     <span class='ocr_line' id='line_1_3' title="bbox 776 1040 1068 1102; baseline -0.003 0"><span class='ocrx_word' id='word_1_9' title='bbox 776 1041 890 1102; x_wconf 82' lang='lat' dir='ltr'>Sruvs.</span> <span class='ocrx_word' id='word_1_10' title='bbox 935 1040 1068 1101; x_wconf 73' lang='lat' dir='ltr'>Sunnro.</span> 
     </span>
    </p>
   </div>
   <div class='ocr_carea' id='block_1_4' title="bbox 325 1193 1528 2989">
    <p class='ocr_par' dir='ltr' id='par_1_4' title="bbox 325 1193 1528 2989">
     <span class='ocr_line' id='line_1_4' title="bbox 325 1193 1528 1274; baseline -0.003 -19"><span class='ocrx_word' id='word_1_11' title='bbox 325 1194 377 1257; x_wconf 82' lang='lat' dir='ltr'>SY.</span> <span class='ocrx_word' id='word_1_12' title='bbox 421 1195 506 1269; x_wconf 87' lang='lat' dir='ltr'>Tace,</span> <span class='ocrx_word' id='word_1_13' title='bbox 523 1200 642 1274; x_wconf 89' lang='lat' dir='ltr'>egomet</span> <span class='ocrx_word' id='word_1_14' title='bbox 656 1193 831 1254; x_wconf 80' lang='lat' dir='ltr'>conveniam</span> <span class='ocrx_word' id='word_1_15' title='bbox 845 1193 962 1272; x_wconf 90' lang='lat' dir='ltr'>ipsum:</span> <span class='ocrx_word' id='word_1_16' title='bbox 984 1193 1091 1271; x_wconf 90' lang='lat' dir='ltr'>cupide</span> <span class='ocrx_word' id='word_1_17' title='bbox 1106 1193 1231 1273; x_wconf 86' lang='lat' dir='ltr'>accipiat</span> <span class='ocrx_word' id='word_1_18' title='bbox 1245 1194 1315 1254; x_wconf 85' lang='lat' dir='ltr'>laxo</span> <span class='ocrx_word' id='word_1_19' title='bbox 1330 1201 1420 1272; x_wconf 87' lang='lat' dir='ltr'>atque</span> <span class='ocrx_word' id='word_1_20' title='bbox 1435 1193 1528 1253; x_wconf 90' lang='lat' dir='ltr'>etiam</span> 
     </span>
     <span class='ocr_line' id='line_1_5' title="bbox 424 1292 1528 1373; baseline -0.003 -17"><span class='ocrx_word' id='word_1_21' title='bbox 424 1296 607 1357; x_wconf 86' lang='lat' dir='ltr'>Benedicat</span> <span class='ocrx_word' id='word_1_22' title='bbox 628 1315 727 1355; x_wconf 90' lang='lat' dir='ltr'>secum</span> <span class='ocrx_word' id='word_1_23' title='bbox 749 1314 812 1355; x_wconf 91' lang='lat' dir='ltr'>esse</span> <span class='ocrx_word' id='word_1_24' title='bbox 834 1302 941 1355; x_wconf 92' lang='lat' dir='ltr'>actum.</span> <span class='ocrx_word' id='word_1_25' title='bbox 969 1293 1042 1372; x_wconf 92' lang='lat' dir='ltr'>quid</span> <span class='ocrx_word' id='word_1_26' title='bbox 1066 1294 1152 1369; x_wconf 90' lang='lat' dir='ltr'>istuc,</span> <span class='ocrx_word' id='word_1_27' title='bbox 1176 1293 1297 1369; x_wconf 80' lang='lat' dir='ltr'>Sannio,</span> <span class='ocrx_word' id='word_1_28' title='bbox 1323 1302 1369 1356; x_wconf 88' lang='lat' dir='ltr'>est</span> <span class='ocrx_word' id='word_1_29' title='bbox 1393 1292 1475 1373; x_wconf 91' lang='lat' dir='ltr'>quod</span> <span class='ocrx_word' id='word_1_30' title='bbox 1495 1301 1528 1353; x_wconf 89' lang='lat' dir='ltr'>te</span> 
     </span>
     <span class='ocr_line' id='line_1_6' title="bbox 775 1394 1528 1470; baseline 0.004 -16"><span class='ocrx_word' id='word_1_31' title='bbox 775 1394 865 1454; x_wconf 88' lang='lat' dir='ltr'>audio</span> <span class='ocrx_word' id='word_1_32' title='bbox 1494 1408 1528 1470; x_wconf 88' lang='lat'>89</span> 
     </span>
     <span class='ocr_line' id='line_1_7' title="bbox 425 1494 1486 1576; baseline -0.003 -19"><span class='ocrx_word' id='word_1_33' title='bbox 425 1497 533 1558; x_wconf 88' lang='lat' dir='ltr'>Nescio</span> <span class='ocrx_word' id='word_1_34' title='bbox 548 1496 620 1576; x_wconf 93' lang='lat' dir='ltr'>quid</span> <span class='ocrx_word' id='word_1_35' title='bbox 635 1503 818 1557; x_wconf 76' lang='lat' dir='ltr'>concertasse</span> <span class='ocrx_word' id='word_1_36' title='bbox 832 1516 900 1557; x_wconf 90' lang='lat' dir='ltr'>cum</span> <span class='ocrx_word' id='word_1_37' title='bbox 914 1498 984 1556; x_wconf 83' lang='lat' dir='ltr'>eret</span> <span class='ocrx_word' id='word_1_38' title='bbox 1015 1494 1066 1555; x_wconf 73' lang='lat' dir='ltr'>SA.</span> <span class='ocrx_word' id='word_1_39' title='bbox 1090 1494 1263 1574; x_wconf 90' lang='lat' dir='ltr'>Numquam</span> <span class='ocrx_word' id='word_1_40' title='bbox 1277 1495 1340 1556; x_wconf 89' lang='lat' dir='ltr'>vidi</span> <span class='ocrx_word' id='word_1_41' title='bbox 1355 1495 1486 1573; x_wconf 92' lang='lat' dir='ltr'>iniquius</span> 
     </span>
     <span class='ocr_line' id='line_1_8' title="bbox 425 1596 1407 1676; baseline -0.003 -17"><span class='ocrx_word' id='word_1_42' title='bbox 425 1597 630 1659; x_wconf 75' lang='lat' dir='ltr'>Certationem</span> <span class='ocrx_word' id='word_1_43' title='bbox 645 1604 854 1676; x_wconf 85' lang='lat' dir='ltr'>comparatam,</span> <span class='ocrx_word' id='word_1_44' title='bbox 871 1617 963 1676; x_wconf 90' lang='lat' dir='ltr'>quam</span> <span class='ocrx_word' id='word_1_45' title='bbox 976 1597 1049 1656; x_wconf 86' lang='lat' dir='ltr'>haec</span> <span class='ocrx_word' id='word_1_46' title='bbox 1063 1596 1154 1657; x_wconf 89' lang='lat' dir='ltr'>hodie</span> <span class='ocrx_word' id='word_1_47' title='bbox 1168 1597 1316 1657; x_wconf 90' lang='lat' dir='ltr'>internos</span> <span class='ocrx_word' id='word_1_48' title='bbox 1330 1596 1407 1656; x_wconf 85' lang='lat' dir='ltr'>luit:</span> 
     </span>
     <span class='ocr_line' id='line_1_9' title="bbox 426 1697 1418 1778; baseline -0.003 -19"><span class='ocrx_word' id='word_1_49' title='bbox 426 1699 489 1778; x_wconf 87' lang='lat' dir='ltr'>Ego</span> <span class='ocrx_word' id='word_1_50' title='bbox 504 1697 682 1778; x_wconf 87' lang='lat' dir='ltr'>vapulando,</span> <span class='ocrx_word' id='word_1_51' title='bbox 699 1698 749 1759; x_wconf 93' lang='lat' dir='ltr'>ille</span> <span class='ocrx_word' id='word_1_52' title='bbox 764 1698 957 1773; x_wconf 89' lang='lat' dir='ltr'>verberando,</span> <span class='ocrx_word' id='word_1_53' title='bbox 973 1718 1069 1776; x_wconf 89' lang='lat' dir='ltr'>usque</span> <span class='ocrx_word' id='word_1_54' title='bbox 1084 1698 1171 1758; x_wconf 89' lang='lat' dir='ltr'>ambo</span> <span class='ocrx_word' id='word_1_55' title='bbox 1186 1697 1295 1758; x_wconf 82' lang='lat' dir='ltr'>defessi</span> <span class='ocrx_word' id='word_1_56' title='bbox 1309 1716 1418 1757; x_wconf 82' lang='lat' dir='ltr'>sumus</span> 
     </span>
     <span class='ocr_line' id='line_1_10' title="bbox 325 1797 1528 1879; baseline -0.002 -18"><span class='ocrx_word' id='word_1_57' title='bbox 325 1800 379 1861; x_wconf 81' lang='lat' dir='ltr'>SY.</span> <span class='ocrx_word' id='word_1_58' title='bbox 422 1800 488 1861; x_wconf 86' lang='lat' dir='ltr'>Tua</span> <span class='ocrx_word' id='word_1_59' title='bbox 502 1800 595 1879; x_wconf 85' lang='lat' dir='ltr'>culpa</span> <span class='ocrx_word' id='word_1_60' title='bbox 639 1798 692 1859; x_wconf 74' lang='lat' dir='ltr'>SA.</span> <span class='ocrx_word' id='word_1_61' title='bbox 715 1798 795 1874; x_wconf 80' lang='lat' dir='ltr'>Quid</span> <span class='ocrx_word' id='word_1_62' title='bbox 817 1799 963 1860; x_wconf 83' lang='lat' dir='ltr'>lacereml</span> <span class='ocrx_word' id='word_1_63' title='bbox 984 1797 1035 1859; x_wconf 86' lang='lat' dir='ltr'>SY.</span> <span class='ocrx_word' id='word_1_64' title='bbox 1059 1797 1255 1861; x_wconf 85' lang='lat' dir='ltr'>Adulescenti</span> <span class='ocrx_word' id='word_1_65' title='bbox 1276 1819 1390 1859; x_wconf 90' lang='lat' dir='ltr'>morem</span> <span class='ocrx_word' id='word_1_66' title='bbox 1408 1806 1528 1877; x_wconf 91' lang='lat' dir='ltr'>gestum</span> 
     </span>
     <span class='ocr_line' id='line_1_11' title="bbox 777 1900 920 1979; baseline 0 -19"><span class='ocrx_word' id='word_1_67' title='bbox 777 1900 920 1979; x_wconf 91' lang='lat' dir='ltr'>oportuit.</span> 
     </span>
     <span class='ocr_line' id='line_1_12' title="bbox 326 1999 1528 2081; baseline -0.003 -18"><span class='ocrx_word' id='word_1_68' title='bbox 326 2002 376 2064; x_wconf 75' lang='lat' dir='ltr'>SA.</span> <span class='ocrx_word' id='word_1_69' title='bbox 422 2001 481 2077; x_wconf 80' lang='lat' dir='ltr'>Qui</span> <span class='ocrx_word' id='word_1_70' title='bbox 504 2002 588 2081; x_wconf 90' lang='lat' dir='ltr'>potui</span> <span class='ocrx_word' id='word_1_71' title='bbox 611 2000 726 2075; x_wconf 88' lang='lat' dir='ltr'>melius,</span> <span class='ocrx_word' id='word_1_72' title='bbox 743 2002 794 2078; x_wconf 91' lang='lat' dir='ltr'>qui</span> <span class='ocrx_word' id='word_1_73' title='bbox 817 1999 906 2060; x_wconf 89' lang='lat' dir='ltr'>hodie</span> <span class='ocrx_word' id='word_1_74' title='bbox 928 2020 1023 2078; x_wconf 87' lang='lat' dir='ltr'>usque</span> <span class='ocrx_word' id='word_1_75' title='bbox 1046 2020 1078 2060; x_wconf 87' lang='lat' dir='ltr'>oe</span> <span class='ocrx_word' id='word_1_76' title='bbox 1103 2000 1249 2079; x_wconf 77' lang='lat' dir='ltr'>praebui?</span> <span class='ocrx_word' id='word_1_77' title='bbox 1290 1999 1341 2061; x_wconf 86' lang='lat' dir='ltr'>SY.</span> <span class='ocrx_word' id='word_1_78' title='bbox 1374 1999 1448 2078; x_wconf 87' lang='lat' dir='ltr'>Age,</span> <span class='ocrx_word' id='word_1_79' title='bbox 1470 1999 1528 2059; x_wconf 87' lang='lat' dir='ltr'>scis</span> 
     </span>
     <span class='ocr_line' id='line_1_13' title="bbox 777 2100 989 2180; baseline 0 -19"><span class='ocrx_word' id='word_1_80' title='bbox 777 2101 850 2180; x_wconf 91' lang='lat' dir='ltr'>quid</span> <span class='ocrx_word' id='word_1_81' title='bbox 864 2100 989 2180; x_wconf 82' lang='lat' dir='ltr'>loquert</span> 
     </span>
     <span class='ocr_line' id='line_1_14' title="bbox 425 2201 1497 2281; baseline -0.004 -17"><span class='ocrx_word' id='word_1_82' title='bbox 425 2203 587 2264; x_wconf 88' lang='lat' dir='ltr'>Pecuniam</span> <span class='ocrx_word' id='word_1_83' title='bbox 602 2202 633 2261; x_wconf 92' lang='lat' dir='ltr'>in</span> <span class='ocrx_word' id='word_1_84' title='bbox 647 2201 711 2262; x_wconf 89' lang='lat' dir='ltr'>loco</span> <span class='ocrx_word' id='word_1_85' title='bbox 726 2201 882 2281; x_wconf 84' lang='lat' dir='ltr'>neglegere</span> <span class='ocrx_word' id='word_1_86' title='bbox 896 2222 1071 2263; x_wconf 83' lang='lat' dir='ltr'>maxumum</span> <span class='ocrx_word' id='word_1_87' title='bbox 1085 2201 1267 2262; x_wconf 89' lang='lat' dir='ltr'>interdumst</span> <span class='ocrx_word' id='word_1_88' title='bbox 1280 2201 1414 2262; x_wconf 88' lang='lat' dir='ltr'>luorum:</span> <span class='ocrx_word' id='word_1_89' title='bbox 1436 2201 1497 2275; x_wconf 91' lang='lat' dir='ltr'>hui,</span> 
     </span>
     <span class='ocr_line' id='line_1_15' title="bbox 426 2301 1285 2381; baseline -0.002 -17"><span class='ocrx_word' id='word_1_90' title='bbox 426 2304 572 2377; x_wconf 89' lang='lat' dir='ltr'>Metuisti,</span> <span class='ocrx_word' id='word_1_91' title='bbox 590 2303 615 2363; x_wconf 89' lang='lat' dir='ltr'>si</span> <span class='ocrx_word' id='word_1_92' title='bbox 629 2324 709 2363; x_wconf 90' lang='lat' dir='ltr'>nunc</span> <span class='ocrx_word' id='word_1_93' title='bbox 724 2302 761 2363; x_wconf 95' lang='lat' dir='ltr'>de</span> <span class='ocrx_word' id='word_1_94' title='bbox 776 2311 829 2364; x_wconf 92' lang='lat' dir='ltr'>tuo</span> <span class='ocrx_word' id='word_1_95' title='bbox 843 2303 908 2363; x_wconf 90' lang='lat' dir='ltr'>iure</span> <span class='ocrx_word' id='word_1_96' title='bbox 922 2303 1114 2363; x_wconf 85' lang='lat' dir='ltr'>concessisses</span> <span class='ocrx_word' id='word_1_97' title='bbox 1129 2301 1285 2381; x_wconf 89' lang='lat' dir='ltr'>paululum</span> 
     </span>
     <span class='ocr_line' id='line_1_16' title="bbox 426 2403 1442 2484; baseline -0.002 -20"><span class='ocrx_word' id='word_1_98' title='bbox 426 2405 528 2484; x_wconf 86' lang='lat' dir='ltr'>Atque</span> <span class='ocrx_word' id='word_1_99' title='bbox 543 2404 727 2464; x_wconf 87' lang='lat' dir='ltr'>adulescenti</span> <span class='ocrx_word' id='word_1_100' title='bbox 741 2405 958 2482; x_wconf 88' lang='lat' dir='ltr'>morigerasses,</span> <span class='ocrx_word' id='word_1_101' title='bbox 974 2404 1131 2465; x_wconf 91' lang='lat' dir='ltr'>hominum</span> <span class='ocrx_word' id='word_1_102' title='bbox 1145 2403 1235 2464; x_wconf 91' lang='lat' dir='ltr'>homo</span> <span class='ocrx_word' id='word_1_103' title='bbox 1250 2403 1442 2477; x_wconf 88' lang='lat' dir='ltr'>stultissume,</span> 
     </span>
     <span class='ocr_line' id='line_1_17' title="bbox 427 2504 1463 2584; baseline 0 -19"><span class='ocrx_word' id='word_1_104' title='bbox 427 2505 474 2567; x_wconf 89' lang='lat' dir='ltr'>Ne</span> <span class='ocrx_word' id='word_1_105' title='bbox 488 2526 549 2566; x_wconf 92' lang='lat' dir='ltr'>non</span> <span class='ocrx_word' id='word_1_106' title='bbox 564 2505 619 2565; x_wconf 88' lang='lat' dir='ltr'>tibi</span> <span class='ocrx_word' id='word_1_107' title='bbox 634 2506 711 2565; x_wconf 89' lang='lat' dir='ltr'>istuc</span> <span class='ocrx_word' id='word_1_108' title='bbox 725 2505 911 2566; x_wconf 82' lang='lat' dir='ltr'>faeneraretl</span> <span class='ocrx_word' id='word_1_109' title='bbox 952 2504 1003 2565; x_wconf 66' lang='lat' dir='ltr'>SA„</span> <span class='ocrx_word' id='word_1_110' title='bbox 1026 2504 1090 2584; x_wconf 88' lang='lat' dir='ltr'>Ego</span> <span class='ocrx_word' id='word_1_111' title='bbox 1105 2525 1188 2583; x_wconf 89' lang='lat' dir='ltr'>spem</span> <span class='ocrx_word' id='word_1_112' title='bbox 1202 2505 1299 2583; x_wconf 90' lang='lat' dir='ltr'>pretio</span> <span class='ocrx_word' id='word_1_113' title='bbox 1313 2524 1374 2564; x_wconf 91' lang='lat' dir='ltr'>non</span> <span class='ocrx_word' id='word_1_114' title='bbox 1389 2524 1463 2565; x_wconf 92' lang='lat' dir='ltr'>emo.</span> 
     </span>
     <span class='ocr_line' id='line_1_18' title="bbox 326 2604 1528 2685; baseline -0.002 -17"><span class='ocrx_word' id='word_1_115' title='bbox 326 2607 378 2668; x_wconf 82' lang='lat' dir='ltr'>SY.</span> <span class='ocrx_word' id='word_1_116' title='bbox 422 2606 596 2685; x_wconf 89' lang='lat' dir='ltr'>Numquam</span> <span class='ocrx_word' id='word_1_117' title='bbox 610 2626 673 2667; x_wconf 90' lang='lat' dir='ltr'>rem</span> <span class='ocrx_word' id='word_1_118' title='bbox 687 2606 794 2668; x_wconf 84' lang='lat' dir='ltr'>iacies:</span> <span class='ocrx_word' id='word_1_119' title='bbox 816 2606 873 2680; x_wconf 88' lang='lat' dir='ltr'>abi,</span> <span class='ocrx_word' id='word_1_120' title='bbox 889 2607 1020 2667; x_wconf 89' lang='lat' dir='ltr'>inescare</span> <span class='ocrx_word' id='word_1_121' title='bbox 1034 2606 1129 2666; x_wconf 87' lang='lat' dir='ltr'>nescis</span> <span class='ocrx_word' id='word_1_122' title='bbox 1144 2605 1286 2679; x_wconf 89' lang='lat' dir='ltr'>homines,</span> <span class='ocrx_word' id='word_1_123' title='bbox 1304 2604 1422 2665; x_wconf 85' lang='lat' dir='ltr'>Sannio.</span> <span class='ocrx_word' id='word_1_124' title='bbox 1495 2635 1528 2684; x_wconf 87' lang='lat'>99</span> 
     </span>
     <span class='ocr_line' id='line_1_19' title="bbox 327 2706 1490 2786; baseline -0.002 -18"><span class='ocrx_word' id='word_1_125' title='bbox 327 2707 376 2769; x_wconf 71' lang='lat' dir='ltr'>SA</span> <span class='ocrx_word' id='word_1_126' title='bbox 422 2707 519 2769; x_wconf 79' lang='lat' dir='ltr'>Credo</span> <span class='ocrx_word' id='word_1_127' title='bbox 534 2708 611 2767; x_wconf 87' lang='lat' dir='ltr'>istuc</span> <span class='ocrx_word' id='word_1_128' title='bbox 626 2707 732 2768; x_wconf 90' lang='lat' dir='ltr'>melius</span> <span class='ocrx_word' id='word_1_129' title='bbox 747 2728 824 2769; x_wconf 88' lang='lat' dir='ltr'>esse:</span> <span class='ocrx_word' id='word_1_130' title='bbox 845 2727 951 2768; x_wconf 88' lang='lat' dir='ltr'>verum</span> <span class='ocrx_word' id='word_1_131' title='bbox 965 2727 1020 2786; x_wconf 91' lang='lat' dir='ltr'>ego</span> <span class='ocrx_word' id='word_1_132' title='bbox 1033 2727 1198 2784; x_wconf 89' lang='lat' dir='ltr'>numquam</span> <span class='ocrx_word' id='word_1_133' title='bbox 1216 2706 1291 2767; x_wconf 89' lang='lat' dir='ltr'>adeo</span> <span class='ocrx_word' id='word_1_134' title='bbox 1306 2714 1423 2766; x_wconf 85' lang='lat' dir='ltr'>astutus</span> <span class='ocrx_word' id='word_1_135' title='bbox 1436 2706 1490 2780; x_wconf 82' lang='lat' dir='ltr'>fui,</span> 
     </span>
     <span class='ocr_line' id='line_1_20' title="bbox 427 2807 1423 2887; baseline -0.002 -18"><span class='ocrx_word' id='word_1_136' title='bbox 427 2808 506 2884; x_wconf 81' lang='lat' dir='ltr'>Quin</span> <span class='ocrx_word' id='word_1_137' title='bbox 522 2808 669 2887; x_wconf 90' lang='lat' dir='ltr'>quidquid</span> <span class='ocrx_word' id='word_1_138' title='bbox 684 2829 801 2886; x_wconf 90' lang='lat' dir='ltr'>possem</span> <span class='ocrx_word' id='word_1_139' title='bbox 815 2808 934 2868; x_wconf 87' lang='lat' dir='ltr'>mallem</span> <span class='ocrx_word' id='word_1_140' title='bbox 953 2808 1070 2869; x_wconf 89' lang='lat' dir='ltr'>auferre</span> <span class='ocrx_word' id='word_1_141' title='bbox 1088 2808 1187 2887; x_wconf 84' lang='lat' dir='ltr'>potius</span> <span class='ocrx_word' id='word_1_142' title='bbox 1201 2808 1233 2868; x_wconf 91' lang='lat' dir='ltr'>in</span> <span class='ocrx_word' id='word_1_143' title='bbox 1247 2807 1423 2886; x_wconf 74' lang='lat' dir='ltr'>praesentia</span> 
     </span>
     <span class='ocr_line' id='line_1_21' title="bbox 327 2908 1525 2989; baseline 0 -19"><span class='ocrx_word' id='word_1_144' title='bbox 327 2909 379 2971; x_wconf 86' lang='lat' dir='ltr'>SY.</span> <span class='ocrx_word' id='word_1_145' title='bbox 423 2908 497 2989; x_wconf 85' lang='lat' dir='ltr'>Age,</span> <span class='ocrx_word' id='word_1_146' title='bbox 510 2909 580 2969; x_wconf 89' lang='lat' dir='ltr'>novi</span> <span class='ocrx_word' id='word_1_147' title='bbox 592 2916 676 2969; x_wconf 92' lang='lat' dir='ltr'>tuom</span> <span class='ocrx_word' id='word_1_148' title='bbox 688 2910 820 2969; x_wconf 85' lang='lat' dir='ltr'>animum</span> <span class='ocrx_word' id='word_1_149' title='bbox 832 2933 838 2970; x_wconf 91' lang='lat'>:</span> <span class='ocrx_word' id='word_1_150' title='bbox 860 2910 945 2987; x_wconf 86' lang='lat' dir='ltr'>quasi</span> <span class='ocrx_word' id='word_1_151' title='bbox 953 2909 1013 2969; x_wconf 89' lang='lat' dir='ltr'>iam</span> <span class='ocrx_word' id='word_1_152' title='bbox 1021 2929 1149 2988; x_wconf 84' lang='lat' dir='ltr'>usquam</span> <span class='ocrx_word' id='word_1_153' title='bbox 1159 2909 1216 2969; x_wconf 90' lang='lat' dir='ltr'>tibi</span> <span class='ocrx_word' id='word_1_154' title='bbox 1230 2909 1291 2968; x_wconf 90' lang='lat' dir='ltr'>sint</span> <span class='ocrx_word' id='word_1_155' title='bbox 1299 2908 1408 2988; x_wconf 85' lang='lat' dir='ltr'>viginti</span> <span class='ocrx_word' id='word_1_156' title='bbox 1416 2909 1525 2985; x_wconf 87' lang='lat' dir='ltr'>minae,</span> 
     </span>
    </p>
   </div>
   <div class='ocr_carea' id='block_1_5' title="bbox 0 0 1823 4942">
    <p class='ocr_par' dir='ltr' id='par_1_5' title="bbox 0 0 1823 4942">
     <span class='ocr_line' id='line_1_22' title="bbox 0 0 1823 4942; baseline 0 0"><span class='ocrx_word' id='word_1_157' title='bbox 0 0 1823 4942; x_wconf 95' lang='lat' dir='ltr'> </span> 
     </span>
    </p>
   </div>
  </div>
 </body>
</html>
