3630 4942
423 544 456 597 ta
836 539 864 589 P.
884 537 1035 589 TERENTI
1053 537 1208 587 ADELPHI

525 694 584 754 Pro
600 693 722 772 psaltria
736 692 867 771 periere:
889 710 966 770 quae
981 699 1128 769 quantum
1142 697 1243 769 potest

525 793 638 873 Aliquo
653 793 843 867 abiciendam,
861 793 885 852 si
900 813 961 852 non
975 792 1080 871 preti0‚
1096 792 1209 871 gratiis.

425 897 481 956 M1.
525 896 632 974 Neque
647 903 692 956 est
705 915 802 973 neque
817 893 899 954 illam
913 914 983 954 sane
998 893 1105 954 studeo
1119 893 1255 978 rendere.
1578 918 1627 972 500
1716 878 1719 883 ¹

425 997 483 1058 Dn.
529 997 609 1071 Quid
624 997 717 1076 igitur
730 996 840 1056 faciest
880 994 934 1055 Mr.
957 994 1049 1056 Domi
1063 995 1128 1055 erit
1172 994 1228 1055 DE.
1253 995 1313 1055 Pro
1328 995 1430 1055 divom
1443 993 1539 1054 fidem

427 1099 481 1160 Ml.
526 1098 589 1160 Cur
602 1102 682 1159 nont
722 1097 779 1158 DE.
804 1096 955 1157 Sanumne
970 1096 1066 1158 credis
1080 1104 1111 1156 te
1126 1100 1208 1157 esset
1249 1096 1303 1157 M1.
1325 1095 1473 1176 Equidem
1488 1095 1624 1156 arbitror.

425 1200 484 1260 Du.
527 1200 576 1261 Ita
590 1219 638 1260 me
652 1199 683 1259 di
698 1206 807 1273 ament,
823 1206 858 1259 ut
872 1198 960 1258 video
974 1205 1059 1258 tuam
1073 1217 1128 1277 ego
1142 1197 1294 1277 ineptiam,

526 1301 688 1361 Facturum
703 1300 798 1374 credo,
814 1307 851 1360 ut
864 1300 973 1360 habeas
988 1300 1109 1378 quicum
1123 1299 1256 1360 cantites

425 1401 481 1463 ΜΙ.
524 1401 588 1463 Gur
601 1405 681 1462 nont
720 1401 778 1462 Dn.
803 1400 842 1460 Et
855 1421 934 1462 nova
948 1408 1044 1480 nupta
1058 1400 1161 1461 eadem
1176 1400 1248 1461 haec
1262 1400 1363 1461 discet.
1407 1399 1462 1460 Ml.
1487 1399 1613 1461 Scilicet.

425 1501 483 1562 Du.
527 1503 574 1563 Tu
588 1503 667 1563 inter
681 1523 730 1564 eae
744 1503 849 1564 restim
863 1501 989 1562 ductans
1004 1501 1131 1563 saltabis.
1177 1501 1230 1561 ML
1254 1501 1360 1562 Probe.

425 1603 482 1665 Du
527 1604 643 1665 Probet
683 1603 738 1664 Mr.
762 1603 802 1664 Et
816 1611 852 1663 tu
865 1603 1020 1664 nobiscum
1034 1623 1101 1678 una,
1119 1603 1144 1663 si
1158 1623 1233 1681 opus
1248 1603 1293 1663 sit
1337 1603 1394 1662 Du
1418 1601 1454 1662 Ei
1468 1602 1550 1664 mihi.

526 1706 596 1766 Non
610 1713 641 1766 te
655 1705 728 1765 haec
743 1705 877 1784 pudent?
917 1704 970 1765 ML
995 1705 1061 1764 Iam
1074 1724 1146 1765 vero
1160 1705 1274 1778 omitte,
1291 1704 1412 1779 Demea,

525 1806 622 1867 Tuam
636 1807 726 1866 istam
738 1806 931 1880 iracundiam,
948 1812 1037 1885 atque
1051 1806 1094 1866 ita
1108 1813 1144 1866 ut
1157 1805 1246 1866 hodie
1261 1805 1347 1866 decet

526 1907 666 1968 Hilarum
680 1928 713 1968 ac
727 1907 883 1969 lubentem
896 1906 942 1966 fac
958 1914 987 1966 te
1001 1907 1086 1986 gnati
1100 1907 1132 1967 in
1146 1907 1267 1985 nuptiis.
1578 1933 1627 1986 510

525 2008 589 2089 Ego
603 2009 657 2070 hos
672 2009 863 2070 conveniam:
886 2015 954 2087 post
967 2008 1025 2085 huc
1038 2008 1136 2069 redeo.
1180 2008 1237 2068 Du.
1262 2003 1446 2087 O'Iuppiter,

525 2110 661 2171 Hancine
675 2111 787 2170 vitam!
809 2109 913 2170 hoscin
926 2113 1041 2170 mores!
1063 2109 1138 2169 hanc
1153 2109 1353 2170 dementiam!

903 2342 1144 2349 ——-...

801 2911 950 2974 AOTVS
971 2912 1204 2977 V.—SOENA
1225 2917 1249 2976 I.

875 3086 989 3153 sravs.
1034 3093 1161 3153 Duum.

471 3315 477 3328 .
525 3266 647 3346 Edepol,
664 3267 788 3346 Syrisce,
806 3274 836 3328 te
851 3269 961 3329 curasti
975 3268 1107 3330 molliter

523 3368 679 3448 Lauteque
693 3389 802 3429 munus
817 3368 1033 3431 administrasti
1046 3379 1139 3432 tuom.

522 3469 590 3530 Abi.
615 3470 667 3530 sed
682 3477 840 3550 postquam
857 3472 938 3531 intus
953 3492 1019 3532 sum
1034 3473 1167 3532 omnium
1181 3493 1281 3533 rerum
1296 3482 1386 3549 satur,

522 3571 774 3632 Prodeambulare
789 3572 847 3632 huc
861 3571 1028 3633 lubitumst.
1072 3573 1130 3634 Dn.
1153 3573 1235 3634 Illud
1249 3575 1288 3634 sis
1303 3574 1372 3635 vide

523 3672 704 3753 Exemplum
718 3673 898 3752 disciplinae.
943 3673 995 3734 SY.
1019 3674 1094 3735 Ecce
1109 3682 1210 3734 autem
1224 3675 1272 3735 hic
1287 3675 1373 3736 adest

523 3773 623 3835 Senex
636 3782 746 3834 noster.
770 3774 844 3853 quid
858 3775 914 3834 fitl
935 3775 1007 3853 quid
1023 3783 1057 3836 tu
1072 3796 1103 3836 es
1117 3776 1231 3837 tristis?
1272 3775 1330 3837 Du
1355 3777 1403 3838 Oh
1418 3779 1522 3840 scelus.

420 3875 472 3937 ΒΥ.
521 3874 587 3936 Ohe
601 3876 678 3937 iam:
700 3883 735 3935 tu
749 3876 840 3937 verba
854 3875 955 3936 fundis
969 3877 1025 3951 hic,
1044 3877 1210 3956 sapientia'l
