3630 4942
302 512 332 561 64
716 511 742 562 P.
762 511 912 563 TERENTI
931 511 1086 562 ADELPHI
1399 511 1460 572 [tou
1473 527 1499 564 v.

298 663 350 724 ΒΥ.
398 663 498 724 Recte.
542 663 599 724 Du
624 663 793 743 Optumest.
816 665 876 725 iam
890 685 970 726 nuno
984 665 1057 726 haee
1071 666 1130 725 tria
1144 666 1274 745 primum
1288 667 1392 728 addidi

398 765 523 826 Praeter
537 772 694 827 naturam:
718 765 761 826 ‘O
775 773 884 840 noster,
901 766 975 845 quid
989 767 1045 828 fitl
1065 766 1140 845 quid
1154 767 1254 847 agitur
1263 767 1288 829 l'

399 865 523 927 Servom
537 866 618 928 haud
632 867 819 929 inliberalem
833 869 957 947 praebes
971 875 1010 943 te,
1027 875 1059 930 et
1072 868 1128 930 tibi

397 967 518 1029 Lubens
532 969 608 1030 bene
623 969 726 1029 faxim.
770 968 822 1030 ΒΥ.
846 968 983 1030 Gratiam
996 969 1101 1031 habeo.
1144 970 1202 1031 Du.
1226 969 1330 1048 Atqui,
1348 970 1431 1051 Syre,

398 1068 465 1130 Hoo
479 1076 613 1131 verumst
628 1079 658 1131 et
672 1091 704 1131 re
718 1071 783 1150 ipsa
797 1071 950 1150 experiere
964 1071 1146 1150 propediem.

785 1648 937 1710 SOENA
958 1649 1012 1709 VI.

764 1788 862 1849 Gara,
905 1788 1032 1848 Duum

349 1976 355 1988 .
398 1927 465 2001 Era,
483 1947 537 2006 ego
552 1927 610 1987 huo
624 1927 663 1987 ad
677 1928 732 1987 hos
746 1929 874 2006 proviso,
892 1948 982 2005 quam
996 1947 1068 1988 mox
1081 1928 1229 2006 virginem
1452 1944 1502 2006 630

399 2028 568 2089 Aroessant.
593 2028 645 2088 sed
660 2049 761 2089 eooum
775 2029 927 2089 Demeam.
952 2029 1049 2089 salvos
1064 2029 1127 2090 sies.

349 2177 355 2190 .
400 2129 492 2208 Oqui
507 2133 632 2190 vocarel
672 2129 727 2190 Ga.
752 2129 837 2191 Geta.
881 2130 939 2189 Du.
963 2129 1048 2204 Geta
1065 2130 1218 2191 hominem
1232 2129 1364 2190 maxumi

399 2231 482 2292 Preti
497 2238 528 2292 te
543 2251 606 2292 esse
620 2231 710 2292 hodie
723 2231 853 2291 iudicavi
868 2231 968 2291 animo
983 2251 1068 2292 meo:

399 2332 478 2392 Nam
492 2333 519 2392 is
533 2333 607 2392 mihi
621 2333 786 2411 profectost
800 2352 901 2393 servos
915 2339 1067 2411 spectatus
1082 2332 1162 2405 satis,

399 2433 456 2494 Oui
470 2433 609 2494 dominus
624 2442 748 2508 ouraest
765 2435 809 2494 ita
823 2434 867 2493 uti
882 2434 939 2494 tibi
953 2434 1040 2507 sensi,
1056 2433 1142 2508 Geta,

391 2535 439 2594 vEt
453 2535 509 2595 tibi
524 2535 561 2595 ob
576 2554 641 2596 eam
656 2556 727 2609 rem,
744 2535 843 2613 siquid
857 2555 929 2594 usus
944 2535 1068 2608 venerit,
1104 2575 1109 2585 ,

398 2636 519 2696 Lubens
533 2636 609 2696 bene
623 2637 725 2696 faxim.
749 2636 878 2696 meditor
892 2656 955 2697 esse
969 2635 1116 2709 adfabilis,

399 2737 438 2796 Et
452 2738 527 2797 bene
542 2737 684 2816 procedit.
728 2736 783 2797 (lu.
808 2736 910 2797 Bonus
925 2757 963 2810 ea,
981 2756 1048 2797 oum
1062 2736 1135 2798 haec
1150 2737 1321 2797 existumat.

297 2838 355 2899 Du.
399 2838 550 2898 Paulatim
565 2838 682 2917 plebem
696 2838 860 2917 primulum
874 2838 951 2898 facio
965 2858 1070 2899 meam.

776 3411 926 3474 SOENA
948 3413 1017 3473 VII.

562 3552 760 3614 Ausoumvs,
803 3552 929 3612 Duum.
975 3551 1089 3612 Surum
1134 3551 1232 3612 Gurl.

297 3695 355 3754 Du.
400 3693 480 3768 Quid
495 3693 601 3772 agitur,
618 3691 785 3752 Aeschinel
826 3690 883 3751 Au.
907 3691 1009 3765 Ehem,
1027 3698 1112 3770 pater
1125 3693 1175 3766 mi,
1192 3698 1228 3751 tu
1241 3691 1289 3751 hio
1304 3692 1388 3750 erasl
1451 3707 1502 3766 640

298 3796 354 3856 Du
399 3797 480 3856 Tuos
494 3795 593 3855 herole
608 3813 679 3854 vero
694 3800 725 3853 et
739 3792 838 3853 animo
853 3799 885 3853 et
897 3798 1006 3852 natura
1020 3800 1112 3871 pater,

398 3896 457 3970 Qui
471 3903 502 3956 te
516 3903 597 3956 amat
611 3895 678 3974 plus
693 3915 783 3972 quam
796 3895 885 3955 hosce
900 3893 1007 3954 oculos.
1032 3893 1084 3954 sed
1099 3914 1151 3953 our
1165 3914 1226 3952 non
1240 3893 1364 3953 domum

397 3997 530 4057 onrem
545 3996 685 4057 arcessiti
725 3993 781 4055 Au
806 3995 921 4074 Cupio:
942 4014 1048 4055 verum
1061 3993 1117 4054 hoo
1132 3995 1207 4054 mihi
1221 4001 1368 4055 moreest:
1434 3978 1439 3983 ”
