3630 4942
717 564 745 613 P.
765 564 916 615 TERENTI
934 565 1089 616 ADELPHI
1406 563 1469 624 [Αοτ
1483 579 1509 616 v.

406 712 542 774 Tibicina
556 722 587 775 et
601 714 800 794 hymenaeum
814 717 866 795 qui
881 724 1009 778 cantent.
1054 717 1111 777 ΒΕ.
1134 716 1209 791 Eho,

406 812 467 872 Vin
481 821 515 873 tu
528 815 598 875 huic
612 817 675 877 seni
690 817 875 879 auscultaret
915 816 972 877 ΑΕ.
997 817 1096 893 Quidt
1117 818 1175 879 ΒΕ.
1199 818 1293 878 Missa
1307 819 1380 878 haec
1394 817 1467 892 face,

408 912 618 991 Hymenaeum
631 919 736 979 turbas
750 918 903 998 lampadas
917 919 1064 992 tibicinas,

407 1011 509 1091 Atque
523 1016 599 1077 hanc
613 1018 646 1077 in
659 1018 748 1080 horto
763 1021 921 1080 maceriam
935 1020 1005 1080 iube
1020 1019 1099 1079 dirui

407 1111 560 1186 Quantum
574 1125 691 1196 potest:
712 1121 767 1180 hac
781 1121 928 1183 transfer:
950 1141 1041 1181 unam
1055 1120 1103 1180 fac
1117 1119 1258 1180 domum:

407 1213 542 1277 Traduce
558 1227 588 1279 et
602 1227 728 1282 matrem
742 1229 774 1282 et
787 1222 933 1282 familiam
947 1242 1066 1282 omnem
1079 1221 1118 1281 ad
1132 1240 1195 1281 nos.
1238 1219 1295 1282 ΑΕ.
1320 1221 1431 1296 Placet,

407 1314 498 1376 Pater
512 1316 712 1398 lepidissume.
755 1323 813 1384 ΒΕ.
837 1323 946 1403 Eugae,
963 1324 1024 1383 iam
1037 1323 1155 1402 lepidus
1168 1342 1266 1383 vocor.
1459 1339 1511 1403 650

301 1447 303 1451 ·
406 1415 506 1478 Fratri
520 1420 607 1481 aedes
622 1423 695 1484 fient
708 1425 836 1503 perviae,
853 1425 972 1485 turbam
986 1424 1109 1485 demum

407 1514 555 1596 Adducet,
572 1531 695 1603 sumptu
708 1525 829 1586 amittet
842 1526 956 1587 multa:
977 1525 1051 1604 quid
1064 1528 1150 1586 meat

406 1616 470 1697 Ego
484 1621 601 1701 lepidus
615 1625 683 1686 ineo
697 1627 832 1706 gratiam.
855 1627 924 1688 iube
939 1626 1078 1686 nunciam

406 1719 586 1786 Dinumeret
599 1726 649 1788 ille
663 1728 780 1808 Babylo
794 1729 902 1808 viginti
916 1729 1013 1788 minae

408 1820 489 1900 Syre,
507 1846 602 1888 cessas
616 1829 659 1889 ire
674 1850 707 1889 ac
720 1830 837 1891 faceret
879 1828 929 1890 ΒΕ.
954 1828 1034 1904 Quid
1049 1829 1123 1908 eget
1163 1827 1220 1887 ΒΕ.
1244 1827 1347 1887 Dirue.

407 1923 454 1985 Tu
467 1926 533 1988 illas
547 1929 596 1989 abi
611 1939 642 1991 et
655 1931 786 1992 traduce.
830 1930 887 1992 GE.
910 1930 951 1991 Di
965 1929 1029 2004 tibi,
1046 1929 1167 2002 Demea,

406 2024 488 2088 Bene
501 2029 621 2105 faciant,
638 2052 706 2092 cum
721 2039 751 2093 te
765 2032 854 2093 video
868 2039 987 2092 nostrae
1001 2029 1132 2091 familiae

406 2125 481 2188 Tam
496 2150 534 2191 ex
548 2132 647 2194 animo
661 2134 774 2194 factum
789 2132 874 2194 velle.
917 2133 975 2193 ΒΕ.
996 2132 1113 2211 Dignos
1127 2130 1261 2191 arbitror.

772 2761 923 2824 SOENA
943 2762 1030 2823 VIII.

642 2903 750 2965 Mrcrc.
795 2903 921 2963 Druna
965 2901 1162 2964 Arscnruve.

305 3041 358 3102 M1.
403 3042 492 3103 Iubet
505 3042 617 3104 fratert
637 3042 690 3103 ubi
704 3043 729 3103 is
744 3045 809 3103 esti
829 3048 886 3102 tun
899 3041 984 3102 iubes
998 3040 1062 3116 hoc,
1079 3041 1212 3103 Demea?

304 3141 360 3202 ΒΕ.
405 3143 469 3223 Ego
483 3164 554 3204 vero
571 3144 660 3205 iubeo
675 3151 706 3204 et
719 3143 775 3204 hac
789 3163 821 3203 re
836 3150 867 3203 et
881 3143 946 3203 aliie
961 3142 1098 3203 omnibus

404 3244 501 3320 Quam
514 3265 654 3306 maxume
668 3265 760 3305 unam
773 3244 871 3305 facere
885 3264 940 3304 nos
954 3243 1030 3304 hanc
1044 3243 1197 3318 familiam,

404 3346 509 3407 Colere
523 3347 665 3407 adiuvare
679 3346 849 3426 adiungere.
893 3343 949 3406 ΑΕ
974 3345 1022 3405 Ita
1037 3365 1154 3424 quaese,
1170 3350 1263 3424 pater.

304 3446 359 3506 ΜΙ.
403 3447 495 3508 Haud
510 3446 596 3508 aliter
610 3467 721 3508 censeo.
766 3447 824 3507 ΒΕ.
848 3445 945 3507 immo
958 3445 1057 3507 hercle
1072 3447 1115 3506 ita
1129 3446 1215 3506 nobis
1229 3446 1332 3508 decet:

404 3548 541 3609 Primum
555 3548 644 3609 huius
658 3548 776 3609 uxorist
789 3555 893 3608 mater.
937 3547 991 3608 ΜΙ.
1016 3547 1077 3607 Eat.
1102 3547 1175 3625 quid
1190 3552 1313 3627 posteat

303 3648 359 3711 Du.
403 3651 502 3713 Proba
517 3656 548 3712 et
561 3650 703 3714 modesta.
748 3648 802 3712 Ml.
826 3647 876 3709 Ita
889 3649 980 3714 aiunt
1025 3648 1082 3709 ΒΕ
1106 3649 1191 3709 Natu
1204 3649 1363 3728 grandior3
