3630 4942
717 568 744 618 P.
765 566 916 617 TERENTI
935 565 1089 617 ADELPHI
1385 565 1446 626 [scr
1461 580 1502 616 111.

405 721 442 780 Id
456 719 652 802 distributum
666 726 767 779 sanast
782 737 820 778 ex
831 718 991 778 sententia·
1033 718 1090 776 Du.
1115 718 1201 792 Hem,

405 821 485 881 Huic
500 820 630 894 mandes,
647 818 747 898 siquid
762 826 841 880 recto
856 827 991 879 curatum
1007 820 1088 879 velis.
1461 848 1505 883 210

304 924 357 984 SY.
400 923 496 982 Ehem
510 922 631 996 Demea,
647 921 729 981 haud
744 940 917 999 aspexeram
932 928 980 981 te:
1002 921 1074 997 quid
1086 922 1205 998 agiturl

303 1025 361 1085 Da.
406 1024 486 1099 Quid
501 1027 626 1101 agaturl
646 1029 778 1082 vostram
792 1041 908 1100 nequeo
922 1021 1024 1081 mirari
1039 1023 1111 1081 satis

405 1125 572 1185 Rationem.
618 1123 670 1183 SY.
693 1123 748 1182 Est
762 1122 860 1182 hercle
875 1123 985 1200 inepta,
1002 1142 1039 1181 ne
1054 1123 1150 1182 dicam
1165 1122 1242 1195 dolo,

404 1225 552 1286 Absurde.
569 1225 663 1302 pisces
678 1230 792 1283 ceteros
807 1243 909 1302 purga,
925 1222 1057 1283 Dromo:

405 1327 557 1404 Congrum
572 1327 663 1384 istum
678 1345 853 1384 maxumum
868 1325 898 1382 in
913 1344 992 1402 aqua
1005 1325 1095 1383 sinito
1109 1324 1213 1385 ludere

406 1428 581 1505 Tantisper:
605 1426 654 1485 ubi
670 1446 724 1503 ego
739 1425 861 1499 redier0,
879 1426 1082 1486 exossabitur:

405 1529 492 1589 Prius
507 1526 583 1587 nolo.
622 1527 679 1586 Du.
704 1527 819 1586 Haecin
834 1527 962 1604 flagitia!
992 1525 1044 1585 SY.
1068 1526 1145 1586 Mihi
1161 1527 1282 1605 quidem
1298 1547 1358 1586 non
1376 1526 1496 1604 placent

404 1630 445 1689 Et
459 1629 554 1689 clamo
569 1648 663 1706 saepe.
681 1627 861 1687 salsamenta
874 1627 955 1700 hacc,
973 1627 1145 1705 Stephanio,

405 1732 463 1791 Fac
478 1738 665 1789 macerentur
680 1729 810 1807 pulchre.
856 1729 912 1787 Du.
937 1728 976 1786 Di
992 1737 1124 1788 vostram
1139 1728 1237 1801 fidem,

405 1832 514 1892 Vtrum
530 1831 669 1890 studione
684 1830 715 1889 id
730 1830 786 1889 sibi
802 1830 893 1888 habet
906 1851 944 1888 an
960 1830 1042 1889 laudi
1058 1836 1145 1908 putat

406 1933 489 2006 Fore,
507 1933 531 1991 si
546 1931 711 2010 perdiderit
725 1933 869 2009 gnatum?
890 1951 944 1990 vae
958 1931 1066 1989 misero
1081 1930 1162 1988 mihi.

405 2034 516 2094 Videre
531 2033 635 2093 videor
648 2032 709 2091 ism
724 2032 803 2091 diem
818 2032 911 2104 illum,
928 2052 995 2090 cum
1010 2032 1079 2090 hinc
1094 2051 1183 2109 egens

405 2134 562 2212 Profugiet
576 2133 676 2211 aliquo
691 2133 861 2192 militatum.
905 2130 957 2190 SY.
981 2132 1007 2191 0
1023 2132 1143 2204 Demea,

406 2235 488 2295 Istuc
503 2241 549 2295 est
563 2253 673 2313 sapere,
691 2254 751 2294 non
765 2231 845 2310 quod
861 2240 930 2291 ante
945 2232 1036 2310 pedes
1051 2234 1169 2292 modost

407 2335 525 2410 Videre,
538 2335 590 2395 sed
605 2335 696 2394 etiam
711 2333 762 2393 illa
776 2353 852 2411 quae
867 2332 969 2392 futura
984 2339 1055 2392 sunt

406 2436 585 2514 Prospicere.
630 2434 687 2493 Du.
712 2434 811 2508 Quid?
832 2435 921 2493 istaec
937 2434 996 2493 iam
1011 2454 1101 2512 penes
1116 2455 1169 2495 vos
1184 2435 1356 2512 psaltriastl

306 2538 358 2598 SY.
403 2537 498 2597 Ellam
514 2538 602 2595 intus.
647 2534 705 2595 Du.
729 2534 802 2609 Eho,
820 2554 857 2594 an
873 2535 983 2594 domist
997 2535 1173 2595 habiturust
1194 2535 1246 2596 SY.
1270 2536 1375 2610 Credo,
1393 2544 1427 2596 ut
1441 2545 1487 2596 est

407 2638 574 2697 Dementia.
618 2636 676 2695 Dn.
700 2636 814 2695 Haecin
826 2636 907 2695 fieri!
950 2635 1001 2696 SY.
1026 2636 1134 2714 Inepta
1147 2637 1254 2696 lenitas

407 2739 505 2799 Patris
520 2745 552 2797 et
566 2737 693 2797 facilitas
707 2756 806 2815 prava.
850 2736 908 2795 Du.
931 2736 1045 2796 Fratris
1060 2758 1107 2797 mc
1122 2737 1244 2815 quidem

408 2839 507 2900 Pudet
521 2839 669 2918 pigetque.
715 2836 766 2897 SV.
791 2837 926 2897 Nimium
941 2839 1020 2898 inter
1034 2859 1094 2912 vos,
1112 2839 1232 2912 Demea,
1459 2869 1508 2919 230

408 2939 492 3019 (Non
506 2940 577 3017 quia
591 2938 661 2998 ades
676 2958 815 3016 praesens
829 2938 895 2999 dico
911 2938 979 3018 hoc)
994 2940 1172 3017 pernimium
1187 2940 1266 2999 inter
1280 2947 1334 2999 est.

408 3041 462 3114 Tu,
478 3038 757 3118 quantusquantu’s
771 3038 814 3098 nil
828 3040 886 3098 nisi
901 3040 1048 3117 sapientia
1062 3060 1101 3113 es,

408 3141 463 3201 1116
478 3141 634 3201 somnium.
651 3160 724 3199 num
739 3141 850 3200 sineres
865 3160 935 3200 vero
950 3140 1036 3200 illum
1050 3148 1134 3200 tuom

409 3243 517 3302 Facere
531 3242 623 3302 haecl
663 3242 721 3300 Dn.
745 3240 881 3300 Sinerem
895 3241 1002 3301 illumi
1022 3249 1075 3301 aut
1089 3263 1149 3302 non
1163 3262 1216 3302 sex
1229 3244 1300 3303 totis
1316 3245 1467 3303 mensibus

408 3344 496 3404 Prius
511 3343 683 3416 olfecissem,
701 3363 790 3420 quam
805 3341 854 3402 ille
869 3343 1027 3420 quicquam
1042 3346 1198 3421 coeperetl

308 3447 359 3508 SY.
404 3444 599 3524 Vigilantiam
614 3452 697 3503 tuam
712 3450 747 3502 tu
761 3444 835 3503 mihi
850 3447 972 3503 narrasl
1022 3443 1079 3502 Dn.
1103 3443 1151 3503 Sic
1167 3444 1224 3503 siet
