3630 4942
310 528 324 576 8
724 525 752 575 Ρ.
771 524 923 577 TERENTI
942 522 1097 575 ADELPHI

310 679 366 740 Ml.
409 679 527 740 Natura
540 686 576 740 tu
590 679 634 739 illi
648 686 734 758 pater
749 699 787 753 es,
804 677 934 739 consiliis
950 697 1012 756 ego.

311 781 367 841 Du.
413 781 489 841 Tun'
502 780 632 842 consiliis
646 781 826 859 quicquamt
845 778 901 840 M1.
918 778 976 852 Ah,
993 779 1018 838 si
1033 779 1139 858 pergis,
1156 779 1265 839 abiero.

310 881 367 941 Du
413 881 512 942 Sicine
526 883 609 960 agisi
628 881 682 941 ML
701 881 751 940 An
766 900 820 959 ego
835 880 946 940 totiens
961 880 998 940 de
1013 879 1118 940 eadem
1132 900 1164 940 re
1180 879 1319 941 audiamt

311 981 368 1043 Du.
413 982 539 1043 Curaest
549 981 631 1042 mihi.
654 981 709 1042 ΜΙ.
726 981 766 1041 Et
780 980 854 1040 mihi
869 986 994 1041 curaest.
1010 1000 1122 1054 verum,
1135 980 1256 1056 Demea,

413 1082 558 1144 Curemus
572 1102 697 1161 aequam
713 1089 839 1160 uterque
854 1089 970 1160 partem
985 1105 991 1142 :
1013 1088 1048 1141 tu
1062 1082 1197 1156 alterum,

409 1183 474 1263 Ego
488 1184 561 1245 item
576 1183 711 1244 alterum.
728 1202 797 1242 nam
812 1202 915 1243 curare
926 1183 1029 1242 ambos
1043 1182 1260 1261 propemodum

410 1284 576 1364 Reposcere
590 1283 705 1344 illumst
719 1303 808 1362 quem
822 1282 940 1343 dedisti.
983 1283 1042 1343 Du.
1065 1281 1124 1358 Ah,
1141 1283 1240 1358 Micio,

410 1385 513 1445 Vnum
527 1385 573 1444 vis
588 1404 696 1459 curem,
713 1404 792 1444 curo.
808 1390 839 1443 et
853 1390 899 1444 est
913 1383 960 1443 dia
976 1383 1081 1462 gratia,

411 1484 489 1546 Cum
503 1485 546 1545 ita
562 1492 597 1545 ut
611 1485 679 1546 volo
694 1493 759 1559 est3
780 1484 836 1545 iste
848 1491 916 1544 tuos
930 1484 994 1562 ipse
1008 1485 1119 1544 sentiet

411 1586 584 1646 Posterius:
605 1585 676 1646 nolo
690 1585 721 1645 in
736 1585 822 1645 illum
836 1586 956 1663 gravius
970 1585 1077 1645 dicere.

309 1685 364 1747 Ml.
409 1686 472 1747 Nec
486 1687 529 1746 nil
542 1706 640 1764 neque
654 1686 754 1746 omnia
768 1685 840 1745 haec
855 1693 926 1745 sunt
940 1705 1016 1764 quae
1027 1684 1121 1747 dicit:
1142 1693 1243 1745 tamen

411 1787 481 1847 Non
496 1787 539 1847 nil
553 1788 679 1847 molesta
692 1786 765 1847 haec
779 1794 851 1846 sunt
865 1785 958 1846 mihi:
981 1787 1033 1846 scd
1048 1786 1206 1847 ostendere

410 1888 463 1948 Me
477 1908 564 1967 aegre
578 1888 641 1966 pati
656 1886 700 1947 illi
714 1887 815 1947 nolui:
837 1907 907 1946 nam
921 1887 994 1947 itast
1008 1887 1117 1948 homo:

410 1988 487 2049 Cum
502 1989 594 2068 placo,
611 1987 754 2048 advorsor
781 1986 885 2048 sedulo
900 1993 932 2048 et
945 1987 1101 2063 deterreo;

409 2089 523 2149 Tamen
537 2089 590 2148 vix
603 2089 733 2149 humane
748 2089 882 2168 patitur:
903 2108 1008 2148 verum
1023 2088 1048 2148 si
1062 2109 1187 2168 augeam

409 2188 475 2249 Aut
488 2191 579 2250 etiam
594 2190 714 2250 adiutor
729 2189 785 2248 sim
799 2190 863 2250 eius
877 2189 1055 2262 iracundiae,

410 2290 560 2350 Insaniam
575 2290 709 2369 proiecto
724 2310 791 2349 cum
805 2289 864 2351 illo.
881 2291 938 2350 etsi
952 2288 1120 2350 Aeschinus

409 2391 479 2452 Non
493 2391 608 2451 nullam
621 2392 653 2451 in
667 2391 723 2452 hac
736 2411 769 2451 re
782 2391 869 2451 nobis
884 2391 956 2450 iacit
969 2391 1116 2451 iniuriam

410 2491 440 2551 Is
454 2511 550 2570 nuper
564 2492 643 2552 dixit
656 2492 734 2553 velle
751 2512 875 2553 uxorem
890 2491 1005 2552 ducere.

411 2592 574 2671 Sperabam
588 2593 647 2652 iam
662 2592 825 2652 defervisse
839 2592 1090 2654 adulescentiam:

410 2692 593 2754 Gaudebam.
610 2712 675 2753 ecce
690 2700 791 2753 autem
805 2692 843 2753 de
857 2693 995 2771 integro:
1016 2694 1074 2753 nisi
1089 2693 1235 2772 quidquid
1251 2702 1297 2754 eet

410 2792 489 2853 Volo
503 2793 578 2854 seire
595 2800 686 2871 atque
700 2793 852 2853 hominem
867 2794 1034 2868 convenire,
1050 2794 1076 2855 si
1090 2795 1171 2873 apud
1185 2795 1322 2855 serumst.

794 3039 1030 3047 ————-
