3630 4942
305 535 335 580 42
551 488 555 499 Ι
721 532 746 580 P.
768 532 918 581 TERENTI
937 531 1091 582 ADELPHI
1396 528 1509 588 [norw.

403 683 443 742 Et
456 683 536 744 ultro
551 691 712 744 accusant:
733 683 765 743 id
780 684 926 762 quianon
941 691 987 744 est
1001 704 1019 743 a
1033 704 1080 743 me
1094 684 1216 757 lactum,
1232 684 1296 762 agis
1310 684 1440 761 gratissi

303 783 361 844 Hm
406 783 464 859 Ah,
490 784 636 846 minume:
664 805 829 863 numquam
854 791 884 845 te
906 784 994 845 aliter
1011 791 1102 862 atque
1127 804 1157 845 es
1182 784 1214 843 in
1239 783 1372 844 animum
1399 782 1508 844 induxi

754 905 861 946 meum.
1047 907 1049 911 ·
1458 912 1508 962 400

402 985 463 1047 Sed
477 1007 587 1065 quaeso
601 993 637 1047 ut
651 987 755 1048 eadem
770 986 936 1066 quaemihi
950 986 1029 1046 dixti
1043 992 1109 1047 tute
1124 986 1205 1047 dicas
1216 985 1335 1047 mulieri
1350 1009 1355 1047 :

402 1088 481 1148 Nam
496 1094 528 1148 et
541 1088 602 1148 illic
617 1087 750 1148 animum
763 1088 824 1147 iam
837 1087 986 1162 relevaris,
1004 1107 1079 1166 quae
1094 1087 1197 1148 dolore
1212 1108 1245 1147 ac
1259 1087 1378 1147 miseria

402 1188 548 1262 'labescit
565 1197 596 1250 et
610 1195 664 1249 tuo
679 1189 773 1249 officio
784 1189 877 1249 fueris
892 1189 1021 1249 functus.
1039 1188 1091 1248 sed
1106 1189 1131 1249 si
1144 1189 1232 1249 aliter
1246 1194 1342 1267 putas,

402 1288 530 1369 Egomet
537 1290 665 1350 narrabo
675 1310 750 1368 quae
758 1289 832 1349 mihi
841 1289 928 1350 dixti.
944 1289 1000 1349 ΜΙ.
1014 1288 1111 1350 Immo
1121 1291 1240 1368 egoibo.
1253 1289 1312 1348 Ha.
1329 1287 1507 1349 Benefacis:

402 1390 521 1464 Omnes,
530 1391 637 1469 quibus
646 1411 693 1451 res
704 1397 776 1450 sunt
783 1390 882 1451 minus
892 1390 1047 1464 secundae,
1055 1391 1149 1470 magis
1158 1397 1230 1451 sunt
1238 1391 1337 1450 nescio
1347 1409 1407 1468 quo
1416 1387 1506 1449 modo

402 1490 578 1570 Suspitiosi:
601 1491 639 1552 ad
654 1492 866 1552 contumeliam
881 1493 982 1553 omnia
995 1492 1146 1570 accipiunt
1160 1491 1271 1570 magis:

402 1592 530 1671 Propter
543 1613 628 1652 suam
642 1593 843 1672 inpotentiam
860 1613 892 1654 se
907 1613 1023 1671 semper
1037 1592 1165 1653 eredunt
1176 1592 1281 1653 ludier.

402 1692 592 1773 Quapropter
605 1700 636 1755 te
650 1695 749 1773 ipsum
764 1715 892 1774 purgare
906 1694 964 1773 ipsi
979 1714 1078 1754 coram
1093 1693 1266 1773 placabilius
1282 1699 1334 1753 est

301 1793 355 1853 Mr.
399 1794 440 1854 Et
453 1801 533 1855 recte
548 1803 579 1857 et
599 1814 706 1856 verum
723 1794 803 1855 dicis
858 1794 918 1855 Hm
942 1794 1073 1874 Sequere
1083 1814 1131 1855 me
1149 1814 1219 1873 ergo
1233 1794 1288 1853 hac
1302 1793 1392 1854 intro.
1446 1792 1503 1853 Mr.

753 1896 904 1957 Maxume.

788 2946 939 3008 soENA
960 2947 1012 3009 IV.

801 3098 998 3160 Auscnruvs

402 3249 572 3310 Discrucior
585 3249 694 3310 animi:
716 3248 822 3310 hocine
837 3249 875 3310 de
889 3249 1042 3329 inproviso
1055 3247 1130 3309 mihi
1145 3249 1215 3309 mali
1230 3248 1308 3309 obici
1454 3279 1505 3326 410

402 3350 542 3424 Tantum,
558 3357 593 3410 ut
606 3370 703 3430 neque
716 3350 790 3428 quid
804 3350 841 3410 de
856 3370 904 3411 me
918 3351 1026 3411 faciam
1039 3370 1094 3410 nec
1109 3349 1182 3428 quid
1196 3371 1282 3430 agam
1297 3356 1413 3411 certum
1427 3350 1503 3412 siet!

401 3451 539 3512 Membra
551 3459 636 3512 metu
650 3451 760 3512 debilia
774 3459 865 3512 sunt:
886 3452 1004 3512 animus
1022 3451 1129 3512 timore

402 3551 573 3631 Obstipuit:
596 3560 715 3631 pectore
729 3552 773 3612 nil
787 3553 891 3613 sistere
906 3553 1009 3613 consili
1024 3553 1097 3631 quit.

401 3653 477 3729 Vah,
494 3674 554 3733 quo
568 3653 657 3714 modo
671 3653 726 3713 hac
741 3673 788 3713 me
803 3653 960 3732 expediam
975 3654 1085 3714 turbat
1105 3659 1190 3714 tanta
1204 3673 1284 3713 nunc

402 3754 535 3835 Suspitio
550 3754 588 3815 de
602 3774 649 3815 me
663 3754 789 3815 incidit:

401 3856 508 3935 Neque
522 3877 557 3918 ea
570 3855 728 3917 inmerito:
752 3854 887 3916 Sostrata

402 3957 507 4019 Credit
520 3957 595 4019 mihi
609 3977 657 4018 me
667 3956 823 4037 psaltriam
837 3956 914 4016 hanc
928 3955 1052 4017 emisse:
1073 3954 1105 4015 id
1117 3975 1191 4017 anus
1205 3955 1247 4015 mi
1265 3955 1410 4016 indicium
1419 3954 1500 4016 feeit.
